1955 3303
334 166 357 209 8
538 162 801 209 Documents
824 176 873 209 at
892 164 1165 223 Canterbury
1184 164 1396 226 Relating
1413 176 1451 210 to
1473 167 1543 211 the
1570 167 1684 225 Grey
1702 165 1857 211 Friars

329 272 371 304 et
391 262 610 317 approbate
634 262 676 303 in
698 263 833 319 aliqua
856 263 1086 318 derogetur.
1127 263 1245 305 Salua
1269 274 1407 304 tamen
1431 264 1473 305 in
1497 264 1574 306 hiis
1597 275 1638 306 et
1659 265 1856 306 similibus

328 334 464 365 nostra
493 334 534 364 et
561 338 838 365 successorum
867 335 1102 365 nostrorum
1131 323 1264 365 debita
1292 335 1502 378 potestate,
1532 325 1763 367 inhibemus
1792 325 1856 366 in-

326 399 447 438 super
462 400 514 425 ne
528 385 605 425 hec
620 384 798 439 graciosa
813 384 1018 426 concessio
1034 384 1076 425 in
1092 384 1327 438 exemplum
1342 385 1429 426 sine
1443 397 1578 427 nostra
1593 386 1856 440 permissione

327 445 512 486 trahatur
528 460 598 486 seu
615 445 665 485 ad
687 445 1026 500 consequenciam
1046 445 1274 501 aliqualiter
1292 445 1334 485 in
1353 445 1553 489 futurum.
1596 447 1647 488 In
1665 447 1780 488 cuius
1799 446 1855 488 rei

327 505 610 547 testimonium
638 506 709 547 has
736 505 888 547 litteras
916 517 1070 547 nostras
1097 517 1279 560 patentes
1307 506 1419 547 vobis
1447 507 1709 549 concedimus
1736 507 1854 562 sigilli

326 566 452 608 nostri
490 566 722 607 munimine
757 566 973 608 roboratas.
1031 566 1128 608 Dat’
1165 566 1271 621 apud
1309 566 1538 622 Aldington
1575 568 1722 609 XIII⁰
1757 568 1854 609 Kal’

326 627 568 669 Novembre
592 628 721 668 Anno
746 627 919 668 Domini
944 628 1155 670 M0CC¹¹¹0
1176 627 1441 682 nonagesimo
1460 628 1605 684 quinto
1629 630 1855 672 Consecra-

326 687 453 729 cionis
474 698 611 729 nostre
631 687 822 730 secundo.

393 780 497 843 (iv.)
537 780 652 844 [Ch.
680 780 771 828 Ch.
798 781 1014 828 Letters:
1050 781 1237 828 Letters
1262 781 1319 828 of
1336 781 1646 846 Archbishop
1671 783 1857 829 Walter

325 846 587 910 Reynolds,
615 847 670 893 C.
703 848 872 911 1294]

384 930 593 972 Walterus
605 930 868 985 permissione
883 930 1039 972 Diuina
1054 931 1359 973 Cantuariensis
1373 931 1714 986 Archiepiscopus
1731 931 1855 973 totius

326 991 480 1047 Anglie
501 991 670 1042 Primas,
694 991 859 1033 Dilecto
881 992 967 1034 filio
990 992 1176 1034 Domino
1227 1026 1236 1034 .
1287 1026 1296 1035 .
1348 992 1476 1034 Priori
1499 993 1679 1034 Ecclesie
1700 992 1853 1035 Christi

326 1053 449 1095 Cant’
480 1053 653 1094 salutem
683 1052 862 1108 graciam
893 1064 933 1094 et
963 1053 1303 1096 benedictionem.
1353 1055 1466 1095 Cum
1496 1069 1627 1107 nuper
1657 1069 1707 1095 ex
1736 1053 1855 1095 certis

323 1113 451 1155 causis
488 1113 529 1154 in
566 1113 803 1155 visitacione
838 1125 974 1155 nostra
1011 1114 1053 1154 in
1090 1114 1256 1155 ecclesia
1292 1126 1428 1156 nostra
1464 1114 1643 1182 predicta
1679 1114 1854 1155 exercita

323 1174 541 1229 compertis
559 1174 885 1216 ordinauerimus
903 1174 1012 1230 quod
1063 1210 1068 1216 .
1121 1209 1131 1217 .
1183 1175 1348 1216 Lectori
1368 1187 1502 1217 vestro
1521 1175 1562 1216 in
1581 1190 1690 1217 sacra
1708 1175 1855 1230 pagina

322 1235 436 1277 locus
480 1246 716 1289 competens
759 1235 808 1276 ad
853 1235 1101 1277 studendum
1146 1248 1258 1277 extra
1306 1236 1627 1278 Infirmitorium
1672 1247 1854 1278 vestrum

322 1296 608 1351 prouideretur
638 1312 762 1352 quam
793 1296 911 1338 citius
943 1296 1135 1351 temporis
1161 1297 1414 1351 oportunitas
1439 1312 1481 1338 se
1508 1297 1689 1347 offerret,
1710 1312 1759 1338 ac
1790 1296 1854 1337 in-

323 1357 598 1398 tellexerimus
614 1356 722 1413 quod
739 1373 810 1398 vos
826 1357 1054 1398 octodecim
1071 1373 1180 1399 noua
1196 1357 1416 1399 diuersoria
1433 1357 1474 1398 in
1491 1358 1583 1400 loco
1597 1357 1853 1400 studentibus

323 1429 529 1472 oportuno
549 1418 696 1459 fecistis
714 1418 844 1472 parari
869 1433 878 1460 ε
917 1419 1123 1460 Volumus
1143 1430 1183 1460 et
1202 1418 1443 1460 mandamus
1461 1419 1570 1474 quod
1589 1419 1747 1473 prefato
1779 1452 1789 1461 .
1840 1452 1849 1461 .

326 1479 491 1520 Lectori
505 1490 638 1520 vestro
651 1479 763 1520 locus
776 1490 1011 1534 competens
1026 1479 1076 1520 ad
1088 1479 1336 1520 studendum
1350 1479 1391 1520 in
1404 1479 1480 1521 hiis
1493 1479 1611 1521 nouis
1624 1479 1853 1521 diuersoriis

322 1539 561 1594 assignetur,
578 1539 770 1596 quodque
795 1540 908 1581 locus
938 1540 1213 1590 Infirmitorii‚
1229 1540 1296 1581 ubi
1318 1540 1448 1581 dictus
1477 1541 1629 1582 Lector
1655 1541 1852 1582 hactenus

321 1601 483 1642 studere
513 1601 679 1650 solebat,
717 1612 945 1642 reseruetur
979 1601 1193 1655 operaliter
1227 1613 1349 1655 prout
1382 1602 1526 1643 assolet
1555 1601 1691 1643 usibus
1726 1601 1853 1642 Infir-

323 1677 504 1711 morum,
540 1673 586 1703 ut
617 1662 765 1703 debiles
798 1673 839 1702 et
873 1662 1027 1703 infirmi
1059 1662 1209 1717 absque
1240 1662 1409 1716 strepitu
1439 1662 1622 1716 populari
1655 1662 1852 1704 secrecius

323 1722 624 1778 conquiescant.
672 1724 723 1765 In
740 1723 907 1765 Christo
930 1723 1102 1764 feliciter
1126 1722 1301 1765 valeatis.
1349 1723 1445 1764 Dat'
1472 1722 1579 1777 apud
1608 1723 1851 1780 Cherrynge

324 1784 366 1826 V
387 1783 464 1826 kal.
494 1783 602 1825 Maii
626 1799 737 1825 anno
764 1783 937 1825 Domini
964 1783 1180 1825 millesimo
1204 1791 1326 1825 cccm0
1349 1783 1543 1825 vicesimo
1565 1783 1712 1838 primo.

324 1918 365 1949 B.
408 1918 768 1948 REGISTERS

322 1984 709 2096 Βοὲὶῑέἶὲἓῖῗῖἳῖ
729 1983 1306 2113 Ιίῗέῥᾷῗένὲέῗὲἓῗῗέηῗ
1328 1983 1538 2096 ἷοὲζῖὲἓ
1561 1983 1858 2096 Ψῖῗέἒαῖῗ

323 2117 424 2162 XII
447 2116 551 2163 Kal.
584 2116 761 2162 Marcii
789 2116 842 2163 P.
867 2134 911 2162 n.
937 2134 977 2162 a.
1009 2116 1194 2162 Sexto''
1227 2116 1309 2179 [18
1340 2116 1473 2174 Feb„
1501 2116 1667 2179 1300],
1696 2117 1852 2162 under

321 2183 401 2229 the
429 2183 529 2229 title
558 2183 585 2200 ‘⁴
608 2183 685 2228 De
713 2182 1091 2246 predicatoribus
1119 2193 1164 2228 et
1192 2182 1572 2228 confessionibus
1599 2182 1851 2229 audiendis

322 2249 542 2295 Fratrum
560 2248 921 2295 Predicatorum
940 2260 985 2295 et
1006 2248 1313 2294 Minorum.''
1367 2248 1474 2294 The
1492 2248 1598 2294 Bul]
1616 2249 1699 2294 has
1717 2248 1848 2294 often

322 2315 441 2361 been
475 2315 665 2378 printed
697 2316 816 2378 (e.g.‚
852 2315 1028 2361 Bullar.
1060 2316 1236 2374 Franc„
1270 2314 1330 2373 iv,
1364 2318 1479 2374 498,
1516 2316 1685 2375 Corpus
1722 2315 1850 2375 Juris

324 2383 537 2428 Canonici
557 2381 708 2427 Clem.
731 2381 812 2428 lib.
835 2381 898 2439 iii,
922 2381 993 2428 tit.
1015 2382 1128 2439 VII,
1152 2381 1211 2427 de
1231 2380 1488 2445 sepulturis
1510 2397 1548 2426 C.
1574 2382 1639 2443 2).

393 2450 437 2494 6.
478 2447 700 2510 Register
732 2448 793 2505 N,
827 2446 909 2493 fol.
949 2461 1058 2507 172,
1092 2447 1306 2493 contains
1337 2464 1362 2493 a
1393 2446 1470 2493 list
1500 2445 1557 2492 of
1583 2460 1645 2509 55
1679 2446 1848 2509 priests

320 2513 471 2576 living
506 2513 553 2559 in
593 2513 895 2576 Canterbury
929 2514 1023 2559 and
1059 2513 1268 2559 licensed
1303 2524 1352 2559 to
1387 2513 1500 2558 hear
1535 2512 1846 2571 confessions‚

322 2579 369 2626 in
412 2594 541 2643 1520
579 2580 679 2643 (the
705 2579 886 2643 jubilee
918 2579 974 2625 of
1006 2580 1071 2626 St.
1111 2579 1362 2641 Thomas).
1434 2579 1678 2641 Amongst
1714 2579 1846 2625 them

319 2663 463 2692 occur
483 2647 562 2692 the
582 2663 744 2692 names
763 2645 819 2692 of
832 2646 922 2691 five
940 2645 1256 2691 Dominicans
1275 2645 1369 2691 and
1388 2645 1468 2690 the
1487 2644 1735 2707 following
1753 2655 1847 2691 two

322 2711 654 2759 Franciscans:
716 2712 879 2758 Frater
932 2712 1012 2758 W.
1066 2712 1280 2774 Knyght‚
1339 2710 1596 2773 gardianus
1645 2710 1846 2757 fratrum

322 2778 598 2835 minorum3
660 2778 823 2824 Frater
865 2777 925 2824 T.
973 2777 1093 2836 C0k‚
1138 2777 1318 2824 ordinis
1361 2776 1561 2823 fratrum
1605 2777 1844 2823 minorum
