1955 3303
70 181 249 240 History
272 182 322 242 os
336 181 407 225 the
435 181 549 239 Grey
571 179 739 238 FriarS,
769 179 951 225 London
1503 195 1560 239 14
1568 193 1595 242 5

72 294 134 324 1v.
187 293 460 324 WILLIAM
516 275 931 323 CANTELOWE'S
986 291 1235 321 MASSES.

229 362 281 405 27
308 350 476 399 March,
503 349 627 402 1460.

68 426 187 467 THIS
209 426 240 468 is
258 442 282 467 a
301 426 491 467 Notarial
508 427 764 467 Instrument
783 423 1000 480 certifying
1014 424 1084 464 the
1098 424 1354 478 Agreement
1373 423 1491 465 made
1511 435 1596 466 two

67 502 180 544 years
197 487 350 537 before,
370 486 508 528 which
526 502 609 528 was
625 485 785 541 printed
803 485 845 526 in
864 485 969 539 Grey
985 483 1127 526 Friars
1144 484 1190 540 of
1202 485 1375 534 London,
1393 499 1457 538 pp.
1481 484 1599 526 208—-

72 561 88 588 1
103 561 137 589 1.
195 548 246 589 In
267 547 380 588 itself
392 547 424 588 it
443 547 538 589 does
558 558 631 589 not
649 546 726 588 add
745 545 946 603 anything
965 555 1008 586 to
1029 545 1118 586 that
1139 546 1404 600 Agreement.
1461 545 1544 586 But
1565 545 1596 586 it

66 608 98 649 is
120 608 171 649 of
186 619 300 663 great
322 607 488 650 interest
511 608 575 650 for
596 607 736 663 giving
759 622 804 648 us
825 622 849 647 a
871 605 936 647 list
958 605 1009 647 of
1025 605 1095 646 the
1119 606 1152 646 F
1157 605 1254 647 riars
1276 616 1437 660 present
1460 605 1502 646 in
1526 606 1596 646 the

69 669 252 723 Chapter
293 669 436 710 House
470 684 524 710 on
559 669 637 710 this
668 667 855 709 occasion
889 666 964 722 (see
999 681 1063 720 pp.
1107 676 1220 722 74—5
1257 666 1416 721 above).
1467 667 1596 707 From

69 729 270 785 Chancery
290 729 565 779 Miscellanea,
582 744 650 779 xx,
671 741 693 785 7
715 729 792 784 (9),
809 738 852 768 at
871 727 1034 769 P.R.O.

139 806 196 852 In
227 806 303 852 dei
333 805 529 852 nomine
556 807 732 853 Arnen.
796 805 890 851 Per
918 820 1113 866 presens
1143 803 1393 866 publicum
1422 803 1601 850 instru-

66 882 286 919 mentum
315 871 500 919 cunctis
528 881 753 936 appareat
782 869 1030 916 euidenter
1058 869 1192 933 quod
1220 870 1366 915 Anno
1396 868 1599 916 Domini

69 938 339 985 Millesimo
409 936 868 1001 Quadragintesimo
936 935 1248 999 sexagesimo,
1321 935 1601 982 Indiccione

69 1005 272 1064 Octaua,
320 1004 635 1051 Pontificatus
683 1001 969 1050 sanctissimi
1017 1001 1065 1047 in
1116 1001 1310 1048 Christo
1358 1000 1504 1065 patris
1553 1011 1600 1048 et

68 1070 253 1117 domini
307 1070 456 1117 nostri
508 1069 711 1116 Domini
763 1068 835 1115 Pii
895 1067 1059 1115 diuina
1112 1067 1423 1132 prouidencia
1476 1084 1599 1131 pape

67 1136 267 1183 secundi
314 1138 461 1183 Anno
514 1136 741 1194 secund0‚
792 1134 970 1181 mensis
1021 1133 1197 1180 Marcii
1247 1133 1324 1180 die
1371 1133 1599 1180 vicesimo

68 1202 289 1266 septimo,
358 1203 406 1249 in
475 1202 621 1249 domo
691 1200 954 1265 Capitulari
1023 1200 1307 1247 Conuentus
1375 1200 1597 1246 Fratrum

71 1269 330 1316 Minorum
366 1268 586 1316 Ciuitatis
623 1268 847 1326 London,
883 1267 931 1313 in
966 1266 1159 1330 meique
1197 1265 1383 1312 Notarii
1417 1265 1598 1330 publici

66 1335 326 1399 subscripti
351 1346 397 1382 et
420 1334 616 1382 testium
641 1333 1057 1397 infrascriptorum
1083 1331 1327 1397 presencia
1352 1331 1600 1379 constituti

67 1401 378 1465 personaliter
396 1400 705 1449 Venerabiles
726 1411 773 1448 et
793 1399 1027 1463 Religiosi
1046 1399 1150 1458 viri,
1174 1399 1362 1445 Fratres
1382 1398 1600 1445 Thomas

66 1468 280 1527 Radnor,
303 1467 618 1514 Prouincialis
640 1466 858 1513 minister
877 1465 1060 1513 ordinis
1082 1464 1301 1530 predicti,
1324 1464 1600 1511 Willelmus

67 1534 316 1593 Goddard‚
349 1534 410 1581 ad
441 1544 558 1580 tunc
592 1533 835 1597 Magister
867 1543 912 1580 et
946 1533 1137 1591 Custos,
1170 1531 1416 1592 Johannes
1450 1531 1597 1594 Kyry,

67 1600 340 1647 Gardianus
359 1600 575 1647 eiusdem
594 1600 894 1658 Conuentus,
912 1598 1188 1646 Willelmus
1207 1597 1376 1656 Wolff,
1399 1597 1599 1661 Stepha-

69 1683 159 1713 nus
204 1667 359 1726 Raaff,
405 1666 454 1713 in
500 1683 630 1713 sacra
674 1664 945 1729 Theologia
996 1664 1305 1728 professores,
1351 1664 1598 1724 Johannes

67 1733 382 1796 Boosgawyn,
437 1733 683 1793 Johannes
738 1733 960 1790 Weston,
1017 1730 1292 1777 Willelmus
1348 1729 1597 1788 Goddard‚

65 1799 276 1859 Jacobus
309 1798 464 1858 Wale,
501 1799 748 1860 Johannes
787 1798 982 1856 Hoode,
1017 1797 1294 1844 Willelmus
1329 1795 1599 1860 Carpentir,

66 1865 343 1912 Willelmus
391 1865 624 1928 Sergiant,
674 1864 918 1911 Robertus
964 1863 1124 1922 Yooll,
1174 1863 1490 1909 Hermannus
1539 1862 1599 1908 de

69 1931 285 1991 Colonia,
309 1931 554 1979 Antonius
578 1931 637 1978 de
661 1930 877 1989 Colonia,
901 1930 1147 1991 Johannes
1170 1929 1328 1988 Gulle,
1351 1928 1598 1989 Johannes

67 1997 239 2061 Litley,
289 1998 509 2045 Andreas
552 1997 755 2056 Bauard,
800 1996 1076 2043 Willelmus
1120 1995 1304 2059 Smyth,
1350 1994 1597 2041 Henricus

67 2064 348 2123 Whithede,
426 2064 642 2111 Thomas
718 2063 908 2126 Pattyn,
985 2062 1231 2123 Johannes
1310 2061 1595 2120 Euersham,

67 2130 343 2177 Willelmus
384 2131 552 2189 Roser,
593 2130 839 2191 Johannes
882 2129 1123 2191 Egliston,
1163 2128 1410 2189 Johannes
1450 2127 1595 2186 Pede,

68 2196 304 2244 Ricardus
340 2196 600 2255 Elderden,
627 2195 902 2242 Willelmus
926 2195 1102 2258 Tholy,
1129 2194 1372 2241 Robertus
1406 2194 1594 2252 Brown,

65 2263 310 2324 Johannes
335 2263 539 2326 Stanley‚
564 2262 839 2309 Willelmus
863 2262 1057 2325 Kemys,
1080 2261 1326 2322 Johannes
1349 2259 1593 2318 Nicholas,

64 2330 311 2390 Johannes
341 2329 513 2392 Billyk,
544 2329 761 2376 Thomas
792 2328 980 2387 Bolton,
1013 2327 1287 2373 Willelmus
1316 2327 1517 2387 Jonson,
1551 2336 1597 2372 et

64 2396 311 2456 Johannes
357 2396 511 2459 Gylle,
559 2395 726 2443 fratres
771 2393 953 2442 ordinis
999 2393 1216 2457 predicti,
1263 2393 1324 2439 ad
1369 2392 1596 2438 effectum

65 2461 424 2527 infrascriptum
474 2473 528 2509 ut
576 2472 881 2509 asseruerunt
930 2459 1251 2524 capitulariter
1300 2458 1595 2522 congregati,

67 2539 113 2575 et
153 2528 433 2592 Capitulum
472 2528 574 2575 siue
614 2528 926 2575 Conuentum
964 2526 1207 2585 facientes,
1249 2525 1441 2589 publice
1480 2525 1597 2571 fate-

66 2594 242 2641 bantur
266 2606 312 2642 et
336 2605 724 2659 recognouerunt
747 2605 845 2641 tam
871 2592 1192 2640 communiter
1215 2608 1361 2655 quarn
1387 2590 1598 2654 singilla-

66 2660 154 2707 tim
196 2678 246 2708 se
286 2661 521 2725 recepisse
562 2671 608 2708 et
648 2660 872 2707 habuisse
913 2660 973 2706 de
1014 2658 1163 2706 nobili
1203 2658 1306 2704 viro
1347 2657 1595 2704 Willelmo

66 2727 326 2787 Cantelow,
349 2729 592 2787 Mercero,
615 2726 735 2775 Ciue
755 2737 800 2773 et
818 2726 1149 2773 Aldermanno
1169 2724 1392 2782 London,
1412 2723 1594 2770 ibidem

64 2793 125 2840 ad
148 2804 265 2841 tunc
288 2811 447 2841 coram
471 2793 536 2841 eis
560 2804 794 2858 presente,
819 2793 1066 2839 Ducentas
1088 2791 1231 2838 libras
1254 2789 1596 2854 sterlingorum

1362 2879 1385 2902 K
