1955 3303
44 188 223 247 History
246 187 295 250 of
310 190 381 234 the
409 189 524 247 Grey
544 188 713 246 Friars,
743 188 926 234 London
1476 204 1567 251 147

43 285 131 332 tim
165 285 460 349 interrogati,
486 286 580 332 fide
614 303 780 332 eorum
804 285 962 331 media
985 285 1310 348 promiserunt
1333 288 1494 335 omnia
1523 300 1568 336 et

42 351 231 415 singula
281 350 329 397 in
382 351 595 415 predicta
645 352 900 398 indentura
951 351 1213 414 prescripta
1263 363 1309 399 et
1346 365 1570 402 contenta

41 417 244 464 fideliter
292 418 548 464 obseruare
597 428 643 464 et
691 418 739 463 in
790 416 1016 464 omnibus
1066 417 1366 481 perimplere,
1417 436 1471 465 ac
1519 420 1567 466 in

39 482 259 530 futurum
302 483 547 530 obseruari
590 494 636 530 et
678 482 952 557 perimpleri
994 482 1163 541 facere,
1208 495 1445 546 quatenus
1489 503 1568 533 eos

38 559 246 613 tangunt
272 560 318 596 et
343 560 655 608 concernunt,
684 560 730 596 et
755 549 822 596 sic
847 548 1022 595 iurauit
1049 560 1094 595 et
1120 550 1340 623 promisit
1366 550 1570 614 quilibet

38 615 303 662 eorundem
328 626 444 662 tunc
469 615 666 662 ibidem.
727 616 850 662 Acta
874 625 988 661 sunt
1011 615 1100 661 hec
1124 633 1285 662 omma
1311 628 1357 663 et
1381 617 1571 680 singula

39 692 183 744 prout
222 681 646 745 suprascribuntur
685 692 732 728 et
770 680 1030 727 recitantur
1069 682 1159 728 sub
1199 699 1325 729 anno
1367 683 1566 743 domini,

42 747 333 806 Indiccione,
379 748 676 811 pontificatu,
721 764 899 805 mense,
943 747 1020 793 die
1072 758 1118 794 et
1168 748 1272 795 loco
1325 749 1565 813 predictis,

39 813 341 876 presentibus
388 824 504 860 tunc
551 824 596 861 et
641 813 822 860 ibidem
869 812 1130 860 Nobilibus
1176 814 1301 861 Viris
1349 815 1567 863 Galfrido

38 879 272 943 Feldyng,
314 880 645 926 Aldermanno
685 879 866 926 Warde
906 879 966 925 de
1007 879 1283 943 Faringdon
1324 880 1447 928 infra
1485 882 1567 929 vbi

35 945 239 992 situatur
277 946 450 993 domus
490 946 712 993 Fratrum
751 945 1093 1009 predictorum,
1132 947 1355 1007 Johanne
1392 948 1565 1011 Aleyn,

35 1012 200 1075 legum
240 1012 450 1071 doctore,
491 1011 683 1058 Thoma
721 1012 938 1074 Vrswyk,
981 1012 1306 1059 Recordatore
1346 1013 1568 1061 Ciuitatis

36 1077 260 1137 London,
320 1079 515 1142 Rogero
572 1078 761 1142 Tonge,
820 1078 1067 1125 communi
1124 1079 1294 1126 clerico
1351 1079 1567 1127 eiusdem

38 1144 260 1191 Ciuitatis
297 1144 521 1203 London,
562 1155 608 1191 et
643 1144 744 1191 aliis
781 1144 983 1191 testibus
1021 1145 1081 1191 ad
1120 1145 1350 1209 premissa
1386 1146 1565 1194 vocatis

34 1210 301 1274 specialiter
331 1222 376 1258 et
405 1210 599 1274 rogatis.

107 1277 173 1325 Et
200 1294 290 1341 ego
315 1277 558 1324 Robertus
582 1276 724 1335 Kent‚
750 1276 798 1323 in
822 1276 1011 1340 legibus
1036 1277 1331 1337 bacallarius,
1359 1277 1568 1325 Cantua-

36 1343 204 1390 riensis
241 1343 443 1390 diocesis
480 1343 704 1417 publicus
733 1343 1015 1390 auctoritate
1045 1343 1305 1418 apostolica
1339 1345 1566 1404 notarius,

34 1409 277 1472 premissis
296 1409 636 1473 recognicioni,
657 1409 969 1469 concessioni,
991 1410 1312 1474 promissmni,
1335 1421 1381 1457 et
1399 1410 1568 1458 mden-

32 1486 138 1522 ture
153 1476 346 1534 lecture,
365 1475 632 1540 ceterisque
648 1476 891 1540 premissis
906 1476 1134 1523 omnibus
1151 1487 1196 1523 et
1212 1476 1429 1540 singulis,
1448 1477 1567 1524 dum

33 1541 100 1588 sic
115 1553 167 1589 vt
183 1542 477 1606 premittitur
493 1543 582 1589 sub
599 1559 726 1588 anno
744 1542 944 1601 domini,
962 1542 1246 1601 indiccione,
1267 1543 1564 1607 pontificatu,

34 1625 213 1667 mense,
236 1608 313 1655 die
334 1619 380 1655 et
399 1608 504 1655 loco
526 1608 752 1672 predictis
772 1609 1040 1672 agebantur
1060 1620 1106 1656 et
1126 1609 1318 1668 fiebant,
1341 1627 1433 1656 vna
1454 1627 1566 1657 cum

33 1674 378 1738 prenominatis
414 1675 618 1722 testibus
655 1692 850 1739 presens
887 1675 1098 1734 interfui,
1137 1692 1288 1740 eaque
1323 1676 1483 1723 omnia
1521 1687 1567 1723 et

32 1740 222 1804 singula
264 1741 331 1788 sic
373 1741 475 1787 fieri
516 1741 615 1788 vidi
658 1752 705 1788 et
746 1741 926 1799 audiui,
972 1759 1056 1805 per
1097 1742 1245 1788 alium
1288 1742 1431 1789 scribi
1474 1742 1566 1789 feci

33 1807 277 1870 publicam
309 1818 355 1854 et
385 1807 433 1853 in
466 1808 589 1854 hanc
620 1807 864 1871 publicam
895 1807 1101 1854 formam
1132 1808 1297 1872 redegi
1328 1808 1567 1872 signoque

34 1884 79 1920 et
129 1873 324 1920 nomine
373 1873 490 1920 meis
527 1874 676 1920 solitis
717 1885 764 1921 et
812 1874 1053 1921 consuetis
1094 1874 1282 1937 signaui
1322 1892 1376 1921 ac
1416 1892 1563 1922 manu

32 1939 225 2003 propria
256 1957 334 1986 me
368 1939 446 1986 hic
478 1939 740 2004 subscripsi
774 1951 969 2004 rogatus
993 1952 1039 1987 et
1060 1941 1318 2005 requisitus
1344 1941 1391 1987 in
1418 1941 1564 1988 fidem

32 2017 78 2053 et
101 2006 434 2053 testimonium
457 2006 677 2053 omnium
702 2007 1063 2070 premissorum.

36 2144 79 2174 V.
143 2144 329 2174 FRIAR
384 2144 541 2174 ERYK
598 2144 668 2174 DE
721 2144 965 2176 VEDICA.

175 2209 211 2237 c.
241 2208 365 2251 1477.

35 2266 153 2308 Tms
185 2266 409 2308 document
439 2267 547 2309 from
577 2267 701 2323 Early
732 2268 933 2323 Chancery
961 2268 1215 2324 Proceedings
1244 2268 1405 2325 66l397
1440 2281 1562 2320 must,

36 2327 144 2369 from
178 2328 248 2369 the
282 2328 365 2369 fact
396 2328 485 2369 that
514 2329 584 2369 the
617 2329 866 2370 Chancellor
896 2344 978 2370 was
1011 2329 1162 2383 Bishop
1203 2329 1253 2371 of
1287 2330 1480 2380 Lincoln,
1513 2331 1562 2372 be

33 2388 215 2443 assigned
253 2400 296 2430 to
342 2388 605 2445 1475—1480
646 2389 854 2445 (Thomas
889 2391 1179 2445 Rotherham),
1215 2406 1262 2432 or
1299 2390 1559 2446 1483—1485

34 2449 164 2504 (John
187 2450 374 2505 Russell).
428 2451 513 2491 For
536 2451 606 2491 the
627 2466 787 2492 reasons
806 2450 933 2491 stated
952 2466 1007 2492 on
1030 2467 1067 2505 p.
1092 2463 1146 2507 72
1164 2451 1292 2493 above
1315 2453 1384 2493 the
1408 2453 1562 2494 former

34 2510 205 2564 period
194 2526 224 2551 13
245 2511 315 2552 the
335 2526 450 2552 more
469 2511 605 2568 likely.

100 2585 176 2632 To
209 2586 291 2633 the
324 2587 453 2650 right
486 2598 704 2634 reverent
735 2586 930 2633 ffader
920 2604 967 2633 1n
1003 2588 1114 2635 God
1148 2589 1230 2635 the
1264 2589 1483 2653 Bysshop
1512 2589 1569 2636 of

33 2651 253 2712 Lincoln,
284 2652 583 2700 Chaunceler
609 2653 666 2700 of
688 2654 959 2727 Englande.

102 2719 301 2766 Shewen
318 2730 367 2766 to
382 2737 531 2783 youre
550 2720 676 2784 gode
690 2720 786 2767 and
805 2720 1032 2784 gracioux
1047 2721 1263 2785 lordship
1280 2739 1429 2784 youre
1446 2739 1561 2786 pore

4 2829 7 2831 Α
32 2785 128 2831 and
160 2784 451 2849 Contynuell
483 2788 733 2846 Oratours,
764 2787 925 2848 James
956 2787 1127 2846 Walle,
1154 2788 1369 2834 Warden
1399 2789 1456 2835 of
1479 2789 1560 2835 the
