1955 3303
350 171 440 231 156
868 171 1004 216 Friar
1024 172 1177 230 Henry
1200 171 1248 233 of
1269 173 1337 217 W
1334 173 1502 218 adstone
1527 175 1622 219 and
1639 176 1709 219 the
1735 174 1860 234 Jews

336 265 479 313 kinds
517 267 574 313 of
606 267 865 341 provincial
903 269 1053 315 vicars
1091 269 1350 333 according
1388 281 1436 316 to
1475 271 1859 329 circumstance5‚

1427 336 1490 354 Ἠ
1539 337 1566 354 ss

338 333 539 396 namely,
589 333 840 380 “vicarius
888 335 1189 398 provincialis
1235 334 1455 395 ministri,
1587 337 1790 384 vicarius
1835 354 1861 383 a

336 398 614 461 provinciali
637 399 846 462 capitulo
868 400 1149 460 institutus‚'
1157 401 1337 448 'and“
1358 401 1560 449 vicarius
1582 402 1862 450 auctoritate

337 464 571 526 generalis
594 464 850 512 ministri.’'
871 468 890 496 1

596 569 780 623 [P.R.O.
835 569 1002 610 Ancient
1027 570 1370 624 Correspondence‚
1390 569 1472 620 viii,
1500 571 1614 625 140.]

399 645 694 687 Amantissimo
727 646 768 686 in
803 646 969 688 Christo
1001 646 1169 688 domino
1199 647 1238 701 J
1273 646 1323 687 de
1355 646 1544 704 Kirkeby
1573 647 1859 690 archidiacono

337 706 523 747 Stafford’
543 721 638 748 suus
657 707 801 748 Frater
822 708 875 748 H.
896 707 945 748 de
962 707 1220 756 Wodeston’,
1238 722 1440 748 successus
1457 723 1647 761 properos
1665 719 1705 749 et
1724 708 1858 750 felices

338 766 421 807 uite
438 767 631 820 presentis
647 767 796 820 pariter
811 779 852 808 et
869 768 1018 809 future.
1054 767 1235 809 Nouerit
1251 767 1482 809 dominacio
1500 780 1645 818 uestra,
1663 768 1858 810 dilectum

336 826 378 866 in
410 827 576 868 Christo
603 828 673 869 W.
705 828 743 868 le
771 828 952 883 Sauvage
979 828 1226 869 seruientem
1254 839 1435 869 vestrum
1464 828 1650 870 detulisse
1679 840 1718 870 et
1745 829 1858 870 satis-

336 887 475 928 fecisse
507 888 835 942 procuratoribus
869 889 1042 929 fratrum
1076 889 1117 929 in
1151 889 1329 942 capitulo
1364 889 1599 944 Cantebrig’
1636 904 1857 945 congrega-

336 958 488 998 torum,
516 948 558 988 in
588 950 772 990 Centum
798 949 931 990 solidis
958 965 1031 1003 pro
1058 949 1286 990 necessariis
1313 949 1390 990 diei
1419 950 1536 991 vnius
1559 967 1568 998 3
1613 965 1687 1004 pro
1713 950 1858 1005 quibus

333 1008 454 1049 simul
485 1023 582 1050 cum
610 1009 696 1050 aliis
726 1009 933 1051 beneficiis
963 1009 1214 1051 multimodis
1244 1010 1286 1050 in
1315 1010 1395 1051 suis
1425 1010 1616 1065 negociis,
1646 1025 1719 1064 pro
1748 1026 1789 1052 se
1819 1021 1860 1052 et

333 1069 474 1110 amicis
491 1069 656 1119 ordinis,
676 1070 718 1110 in
736 1070 848 1111 curia
866 1070 1052 1112 exhibitis
1071 1082 1111 1111 et
1127 1070 1261 1111 adhuc
1278 1070 1308 1112 si
1328 1071 1458 1125 placet
1476 1071 1724 1121 exhibendis,
1744 1071 1858 1113 uobis

334 1140 469 1170 totum
498 1130 745 1185 regraciatur
772 1130 997 1184 capitulum
1026 1147 1075 1171 ex
1101 1131 1252 1172 affectu
1283 1147 1516 1187 nomenque
1544 1143 1724 1173 vestrum
1753 1132 1859 1173 inter

332 1190 431 1231 alios
458 1190 609 1232 ordinis
636 1191 823 1245 speciales
850 1191 1043 1245 presentis
1071 1192 1234 1245 capituli
1263 1192 1504 1246 prouisores,
1531 1192 1581 1233 ad
1608 1192 1787 1247 singulos
1815 1192 1857 1233 in

332 1250 487 1305 scriptis
525 1251 654 1292 tocius
692 1263 920 1293 conuentus
956 1252 1168 1306 prouincie
1204 1252 1440 1302 destinatur,
1478 1268 1551 1306 pro
1587 1253 1859 1307 spiritualibus

333 1311 485 1353 ordinis
524 1312 731 1354 beneficiis
771 1312 885 1354 uobis
925 1313 1087 1354 uberius
1126 1328 1197 1367 per
1235 1314 1323 1354 loca
1361 1313 1518 1368 singula
1558 1313 1855 1367 rependendis3

333 1383 455 1425 prout
476 1384 686 1414 annuente
708 1373 877 1414 domino
900 1373 1015 1414 uobis
1038 1388 1140 1414 uoce
1164 1374 1259 1415 uiua
1282 1374 1545 1427 personaliter
1567 1374 1761 1416 reserabo.
1804 1375 1859 1415 Et

332 1432 427 1487 quia
441 1433 618 1474 electum
633 1434 828 1475 habemus
842 1434 911 1489 qui
925 1449 967 1475 se
980 1434 1030 1475 de
1043 1434 1182 1475 officio
1197 1434 1508 1476 ministracionis
1523 1450 1606 1476 non
1622 1434 1860 1476 intromittit

333 1492 481 1535 iccirco
501 1509 574 1548 pro
594 1509 764 1547 persone
784 1506 916 1535 uestre
936 1495 1086 1536 noticia
1106 1506 1236 1536 vestre
1254 1495 1458 1536 serenitati
1479 1495 1609 1536 scribo
1629 1511 1702 1549 pro
1722 1495 1858 1536 omni-

333 1553 406 1595 bus
428 1553 470 1595 in
492 1554 569 1595 hac
590 1566 713 1608 parte.
755 1555 921 1609 Semper
943 1555 1075 1596 ualete
1097 1555 1138 1596 in
1160 1555 1329 1597 domino
1349 1557 1447 1610 Jesu
1472 1556 1650 1598 Christo.
1694 1556 1790 1597 Dat'
1816 1556 1856 1596 in

334 1613 470 1669 vigilia
487 1626 625 1656 sancte
642 1615 783 1657 crucis.

395 1686 637 1741 [Endorsed]
673 1686 859 1728 Domino
873 1687 1055 1741 Johanni
1074 1687 1123 1728 de
1141 1687 1342 1744 Kirkeby.

580 1795 595 1818 1
624 1796 808 1844 Archivf.
826 1796 900 1832 Lit.
919 1810 953 1833 u.
973 1796 1104 1833 Kircb.
1123 1796 1261 1841 Gescll„
1278 1796 1327 1841 vi,
1345 1811 1409 1846 pp.
1432 1799 1517 1841 128,
1540 1808 1626 1846 134.
