1955 3303
1 274 4 318 l

56 189 303 234 Historical
320 188 665 248 Interpretation
692 187 741 249 of
759 188 830 232 tlze
851 187 1124 248 Apocalypse
1511 200 1536 232 2
1551 201 1567 232 Ι

235 285 379 326 Frater
404 284 638 325 Alexander
660 285 854 325 Fratrum
874 283 1028 338 collega
1052 282 1275 324 Minorum

235 344 433 386 Condidit
457 344 563 385 istud
585 360 700 399 opus,
726 345 838 385 hunc
864 344 977 398 Rege
1002 354 1169 397 regente
1196 343 1405 384 Polorum.

233 405 271 447 Si
297 405 431 461 queris
455 405 633 460 quando,
659 420 755 446 cum
781 415 898 445 natus
920 403 1032 444 mille
1049 403 1233 445 ducentis

233 465 396 520 Septem
412 481 482 507 sex
499 465 655 507 uicibus
673 476 758 506 erat
773 464 890 505 annis
909 465 999 505 Rex
1017 463 1214 506 Orientis.

50 557 129 603 An
166 574 282 603 even
320 574 453 603 more
489 557 683 603 definite
718 555 978 602 indication
1015 554 1072 601 of
1100 555 1181 601 the
1218 555 1326 601 date
1361 554 1418 600 of
1447 571 1577 601 com-

51 623 257 686 position
283 622 321 669 is
348 622 489 686 given
516 640 577 669 on
604 623 685 669 fol.
720 626 813 668 180
837 640 846 668 :
892 622 919 639 “
941 622 1088 667 Anno
1114 621 1297 667 domini
1323 620 1576 667 millesimo

49 688 379 735 ducentesimo
427 688 795 752 quadragesimo
843 687 1069 745 secundo,
1120 687 1314 750 quando
1376 686 1578 732 cessauit

49 754 367 818 episcopatus,
431 766 543 801 sunt
603 755 690 800 hec
753 753 941 817 scripta,
1004 764 1262 816 antequam
1325 752 1580 815 eligeretur

50 820 275 867 dominus
303 820 612 867 Innocentius
648 837 770 883 papa
805 830 1017 882 quartus,
1055 818 1277 882 quamuis
1312 829 1421 865 ante
1457 835 1578 882 pene

0 891 1 919 ³
48 896 176 933 totus
219 886 338 933 liber
375 887 544 933 fuisset
586 885 998 932 consummatus.''
1069 886 1327 948 (Innocent
1373 885 1441 931 IV
1483 901 1577 930 was

49 952 230 999 elected
255 964 301 999 at
326 952 520 1016 Anagni
548 966 610 1015 25
635 953 777 1012 June,
813 952 978 1014 1243.)

117 1018 225 1065 The
249 1019 408 1064 rubric
432 1030 480 1065 to
503 1018 584 1064 the
608 1018 795 1081 preface
818 1017 856 1064 is
883 1018 910 1035 ‘⁴
932 1016 1210 1063 Proemium
1233 1016 1281 1062 in
1307 1026 1578 1080 presentem

46 1084 239 1143 librum,
271 1085 449 1131 scilicet
476 1083 829 1147 Apokalipsim,
861 1083 996 1129 cuius
1026 1082 1381 1146 exposicionem
1411 1098 1579 1128 secun-

48 1150 166 1197 dum
195 1150 490 1197 intellectum
520 1150 801 1196 historicum
830 1151 1004 1212 Agnus
1032 1149 1126 1195 Dei
1148 1149 1281 1195 fratri
1304 1148 1580 1195 Alexandro

46 1216 152 1263 uiro
191 1216 394 1280 simplici
433 1227 479 1262 et
516 1216 648 1279 layco
687 1216 967 1262 reuelauit.’'
1036 1215 1145 1261 The
1184 1215 1371 1279 preface
1410 1214 1580 1277 begins

48 1283 76 1300 “
101 1284 299 1329 Sanctus
353 1283 589 1328 Iohannes
639 1282 883 1345 apostolus
934 1292 980 1328 et
1029 1281 1333 1344 ewangelista
1384 1291 1579 1344 propter

45 1349 248 1395 verbum
293 1348 387 1394 Dei
426 1349 558 1412 quod
597 1348 872 1411 predicabat
910 1348 1084 1394 missus
1123 1358 1193 1394 est
1230 1347 1278 1393 in
1318 1346 1513 1393 exilium
1551 1363 1576 1392 a

46 1414 334 1461 Domiciano
363 1414 535 1461 Cesare
561 1414 609 1460 in
636 1415 866 1461 Pathmos
893 1414 1113 1471 insulam,
1142 1413 1226 1460 ubi
1253 1414 1375 1459 hanc
1401 1413 1577 1476 apoka-

45 1480 205 1543 lipsim
241 1480 415 1527 uidit.''
486 1480 626 1527 After
662 1498 795 1527 some
831 1480 1075 1526 discourse
1110 1497 1172 1526 on
1209 1480 1290 1526 the
1328 1478 1577 1542 prophetie

46 1547 287 1593 character
313 1546 370 1593 of
389 1547 470 1593 the
497 1547 629 1593 work
656 1547 751 1592 and
778 1546 837 1593 its
865 1546 1062 1592 relation
1090 1557 1139 1592 to
1168 1546 1268 1596 Old
1295 1545 1579 1591 Testament

46 1612 295 1676 prophetic
325 1612 556 1676 wrstings,
588 1613 683 1659 and
713 1613 794 1659 the
825 1612 1013 1676 neglect
1042 1612 1099 1659 of
1121 1612 1436 1659 Alexander's
1466 1628 1579 1657 con-

44 1678 369 1742 temporaries,
404 1680 512 1725 who
546 1678 762 1742 perforce
794 1678 878 1726 left
911 1679 947 1725 it
979 1678 1136 1725 scaled
1169 1678 1243 1724 for
1275 1678 1381 1725 lack
1414 1677 1470 1724 of
1496 1677 1577 1724 the

47 1745 151 1808 Key
177 1744 235 1791 of
255 1745 430 1804 David,
463 1745 491 1763 ‘⁴
513 1745 596 1809 qui
624 1745 790 1808 aperit,
822 1756 868 1792 et
896 1762 1038 1791 nemo
1067 1744 1278 1802 claudit;
1325 1743 1503 1791 claudit
1531 1754 1577 1791 et

47 1828 188 1857 nemo
213 1811 415 1874 aperit,’'
441 1812 523 1858 the
549 1812 720 1859 author
750 1811 979 1875 proceeds
1003 1829 1012 1858 :

108 1907 221 1949 Cum
244 1906 419 1948 intentio
442 1918 578 1949 nostra
602 1918 831 1948 uersaretur
854 1907 960 1949 circa
983 1918 1093 1962 gesta
1111 1906 1291 1957 ecclesie,
1309 1906 1340 1948 si
1366 1906 1471 1947 facta
1489 1905 1575 1947 eius

45 1967 284 2021 prophetata
315 1967 497 2017 fuissent,
523 1967 773 2023 quesiuimus
804 1968 845 2008 in
877 1968 1010 2009 uerbis
1040 1967 1161 2009 huius
1190 1967 1281 2009 libri
1313 1982 1454 2008 earum
1486 1965 1574 2022 [sic]

46 2027 308 2069 concordiam
332 2027 448 2069 cuius
472 2028 641 2069 materia
666 2028 799 2069 existit
823 2028 872 2069 de
896 2028 1054 2082 populis
1076 2043 1125 2069 ac
1148 2028 1337 2083 gentibus
1361 2040 1402 2069 et
1425 2027 1574 2082 linguis

46 2099 87 2129 et
109 2088 268 2144 regibus
290 2088 443 2138 multis,
466 2100 507 2130 et
528 2104 613 2130 non
636 2089 870 2143 reperimus.
911 2089 1111 2143 Quodam
1134 2105 1233 2130 uero
1254 2088 1318 2130 die
1349 2088 1573 2138 dominico,

45 2163 143 2190 cum
176 2164 249 2191 nos
286 2160 410 2203 prout
436 2149 645 2203 potuimus
672 2149 722 2190 ad
750 2149 1145 2191 communicandum
1175 2151 1245 2205 [an
1276 2149 1437 2190 omitted
1461 2149 1580 2191 word

44 2209 136 2252 here
151 2226 164 2251 .·
201 2226 227 2251 α
250 2209 617 2266 sixteenth-century
643 2210 754 2251 hand
778 2210 817 2251 in
842 2210 906 2252 the
936 2210 1090 2265 margin
1122 2219 1289 2266 suggests
1321 2209 1574 2264 “disposuis-

44 2271 220 2320 semus,”
255 2270 382 2312 which
421 2271 511 2312 will
539 2272 670 2327 serve]
713 2270 888 2327 quedam
925 2271 1040 2312 nobis
1074 2282 1351 2326 apparuerunt
1389 2271 1570 2313 obscure.

46 2332 160 2373 Cum
181 2342 322 2373 autem
345 2331 451 2373 circa
475 2332 552 2373 hec
575 2343 711 2373 noster
737 2332 955 2373 fluctuaret
978 2331 1220 2382 intellectus,
1245 2332 1403 2373 factum
1426 2343 1485 2373 est
1507 2331 1572 2372 die

44 2391 182 2442 tercia,
203 2406 301 2433 cum
322 2407 491 2447 corpore
516 2392 689 2434 Domini
712 2392 837 2434 nostri
863 2393 955 2434 Iesu
979 2392 1133 2435 Christi
1155 2392 1571 2442 communicaremus,

42 2451 129 2494 sine
155 2468 238 2508 quo
266 2454 392 2508 Agno
419 2452 461 2494 in
488 2453 577 2495 celo
604 2469 737 2509 neque
764 2453 806 2494 in
833 2464 939 2495 terra
965 2469 1099 2509 neque
1124 2454 1199 2495 sub
1226 2464 1332 2495 terra
1358 2453 1573 2509 quisquam

45 2513 196 2554 librum
227 2514 383 2567 aperire
416 2514 580 2564 ualebit,
615 2525 661 2555 ut
697 2514 788 2568 Ipse
820 2529 893 2556 nos
926 2514 968 2555 in
1002 2526 1164 2555 tantum
1198 2514 1428 2564 instrueret,
1461 2513 1571 2570 quod

45 2573 191 2615 eodem
215 2574 280 2615 die
303 2586 461 2628 partem
485 2575 576 2616 libri
602 2575 825 2616 maximam
850 2575 1167 2630 intelligeremus
1192 2575 1403 2630 impletam
1426 2589 1572 2616 secun-

44 2633 139 2675 dam
160 2634 346 2676 ordinem
368 2635 641 2692 hystoriarum
663 2652 674 2684 ς
712 2635 871 2691 aliaque
891 2647 1028 2690 postea
1048 2636 1201 2679 docuit.

44 2715 90 2761 A
118 2714 371 2762 miniature
398 2715 446 2762 in
474 2727 569 2763 two
596 2734 760 2763 scenes
788 2717 943 2763 shows
971 2717 1052 2763 the
1078 2716 1232 2764 friar's
1260 2716 1572 2763 communion

44 2781 139 2828 and
162 2780 236 2828 his
260 2782 557 2846 subsequent
580 2782 791 2846 inspired
817 2782 1024 2846 writing.
