1955 3303
368 191 426 233 28
1014 187 1149 231 Friar
1168 186 1425 231 Alexander
1446 188 1542 232 and
1560 189 1625 232 his
1649 186 1895 232 Historical

359 295 557 341 pauescat.
600 286 678 327 Iste
700 284 873 326 cantabit
894 284 934 324 in
948 284 1130 340 fenestra
1147 283 1284 339 populi
1308 284 1542 338 Christiani,
1566 284 1631 341 qui
1641 284 1741 341 fidei
1762 285 1890 326 lumen

364 346 404 386 in
422 363 460 388 se
477 361 549 386 non
568 345 736 387 admisit.
775 346 829 386 Et
846 345 993 385 adiecit
1014 345 1065 401 [f
1095 359 1109 385 Ι
1121 347 1178 400 3].
1214 344 1286 385 Isti
1303 354 1393 385 sunt
1399 346 1662 400 predicatores
1675 345 1808 400 optimi
1826 344 1892 401 qui

364 407 515 448 honeste
538 416 576 448 et
596 406 717 448 sobrie
738 407 868 446 Deum
887 415 925 446 et
946 405 1157 445 Dominum
1178 405 1397 445 laudabunt
1414 415 1489 446 toto
1511 407 1631 447 corde.
1655 406 1747 460 [ib.]
1783 405 1890 446 Huic

364 467 492 509 ordini
523 466 637 508 multi
668 476 706 507 et
740 466 832 520 [sic]
867 465 1078 506 doctoribus
1111 464 1255 506 ecclesie
1285 466 1501 521 confugient
1525 468 1694 508 adorare
1727 465 1890 520 uestigia

360 530 502 583 pedum
534 527 626 580 eius,
657 527 702 567 id
722 536 777 567 est
806 525 958 566 imitari
982 537 1059 580 per
1079 525 1381 581 predicationem
1408 527 1473 567 uel
1498 526 1819 568 conuersationem
1849 525 1889 566 in

357 588 521 644 pedibus
549 587 800 641 designatam.
850 586 959 627 Nam
988 585 1060 626 alii
1088 587 1236 627 dabunt
1263 602 1405 627 aurum
1434 589 1649 642 exponendo
1667 586 1790 642 fidem
1814 598 1891 642 per

362 649 525 704 typicum
569 648 815 697 intellectum,
848 646 919 687 alii
948 646 1128 699 mirram,
1164 663 1286 688 mores
1322 649 1538 702 exponendo
1563 659 1639 703 per
1672 647 1890 697 moralem,-

362 709 434 750 alii
459 725 548 750 uero
574 708 676 760 thus,
702 707 1016 762 contemplatores
1041 707 1238 748 excitando
1259 719 1335 762 per
1359 707 1617 761 allegoricum,
1643 708 1889 764 relinquendo

362 769 581 811 historicum
606 767 715 824 quasi
739 767 956 821 albuginem
981 767 1020 807 in
1046 768 1168 809 oculis.
1213 768 1366 808 Adhuc
1390 768 1498 808 idem
1526 768 1630 823 [ib.]‚
1658 768 1767 809 Nota
1791 768 1894 824 quod

362 846 402 870 eo
427 832 528 886 quod
547 845 681 870 coruus
705 828 872 869 unicolor
895 837 951 869 est
973 828 1142 868 columba
1168 828 1325 870 discolor
1348 828 1387 868 in
1412 828 1556 884 seipsis,
1582 830 1703 870 datur
1726 827 1892 883 intelligi

362 892 465 947 quod
481 890 632 931 ordines
653 905 782 930 eorum
804 888 950 930 diuersi
971 898 1086 930 erunt
1106 891 1235 945 quoad
1251 889 1440 942 habitum,
1462 905 1534 929 non
1557 891 1687 945 quoad
1703 889 1890 942 animum,

361 950 453 1007 quia
481 952 538 991 ad
562 966 679 991 unum
708 965 867 1003 regnum
896 951 1061 990 tendunt
1088 959 1126 990 et
1152 949 1192 989 in
1222 965 1294 990 uno
1322 949 1441 991 stadii
1463 949 1657 1005 proposito
1687 959 1725 990 et
1752 949 1888 991 merito

362 1020 597 1053 concurrent.
642 1010 816 1064 Impleta
840 1021 935 1050 sunt
958 1025 1038 1065 que
1065 1010 1251 1051 Ioachim
1274 1010 1433 1052 cecinit.
1476 1010 1575 1051 Fuit
1598 1011 1725 1051 homo
1749 1010 1891 1051 missus

362 1088 385 1113 a
403 1071 479 1113 deo
498 1071 563 1113 cui
583 1086 736 1112 nomen
759 1070 1017 1112 Dominicus.
1054 1071 1190 1112 Natus
1208 1082 1266 1112 est
1283 1086 1385 1125 puer
1404 1070 1643 1112 Franciscus
1662 1071 1704 1111 in
1723 1070 1889 1111 ciuitate

364 1132 502 1174 Assisii
528 1143 640 1186 patre
668 1132 788 1172 Petro
813 1130 862 1171 de
889 1131 1152 1172 Bernardone
1174 1147 1284 1173 anno
1312 1131 1485 1173 Domini
1511 1131 1727 1173 millesimo
1751 1142 1890 1172 cente-

361 1193 464 1234 simo
482 1192 728 1247 octagesimo
746 1191 958 1241 secundo,1
976 1191 1121 1233 eodem
1138 1192 1290 1233 scilicet
1306 1208 1416 1234 anno
1434 1208 1516 1248 quo
1534 1208 1635 1246 papa
1655 1191 1889 1233 Alexander

360 1253 474 1303 obiit,
493 1253 562 1308 qui
582 1252 754 1294 schisma
773 1251 882 1307 quod
901 1263 1064 1293 steterat
1084 1252 1229 1307 uiginti
1253 1253 1368 1294 annis
1398 1253 1558 1307 sopiuit.
1600 1253 1672 1294 Isti
1692 1264 1789 1294 sunt
1807 1252 1887 1293 due

360 1314 470 1355 ollue
487 1326 527 1355 et
542 1313 624 1355 duo
641 1312 880 1354 candelabra
896 1313 1074 1354 lucentia
1089 1324 1185 1354 ante
1205 1313 1438 1355 Dominum
1455 1329 1633 1369 quorum
1650 1329 1734 1355 non
1752 1313 1888 1354 minus

361 1374 680 1416 conuersationis
701 1389 825 1429 quam
846 1373 1130 1441 predicationis
1155 1375 1320 1415 flamma
1342 1374 1547 1415 mundum
1569 1374 1774 1415 illuminat
1796 1373 1889 1414 uni-

362 1451 540 1485 uersum,
563 1434 820 1476 Dominico
810 1450 852 1475 in
874 1434 1108 1476 innocentia
1128 1446 1260 1476 stante
1280 1446 1320 1476 et
1343 1434 1561 1476 Franc1seo
1580 1450 1691 1476 anno
1715 1433 1889 1476 Domini

361 1496 577 1537 millesimo
623 1494 904 1536 ducentesimo
950 1507 1063 1536 sexto
1108 1510 1151 1536 se
1195 1495 1244 1536 ad
1291 1495 1559 1549 penitentiam
1606 1505 1887 1537 conuertente.

362 1556 485 1598 Vnde
505 1557 608 1597 bene
629 1556 671 1596 in
692 1556 771 1597 hoc
791 1567 975 1610 tempore
1000 1556 1203 1597 Iohannes
1223 1555 1273 1597 de
1293 1572 1341 1597 eo
1362 1555 1460 1597 dicit
1481 1557 1514 1597 F
1518 1556 1720 1597 ranciscus
1742 1557 1889 1608 beatus,

360 1617 455 1672 quia
484 1632 525 1658 se
553 1633 576 1658 a
607 1616 853 1658 uanitatibus
882 1616 1006 1657 seculi
1037 1616 1256 1666 conuertit,
1288 1626 1326 1657 et
1354 1626 1506 1658 sanctus
1535 1617 1629 1672 quia
1660 1617 1701 1657 in
1732 1615 1890 1657 cunctis

361 1678 565 1719 bonorum
593 1692 766 1731 operum
795 1677 1014 1718 uirtutibus
1041 1692 1082 1718 se
1111 1676 1305 1727 exercuit,
1326 1677 1394 1732 qui
1416 1693 1465 1718 ex
1486 1678 1565 1719 hoc
1592 1677 1709 1718 habet
1731 1686 1890 1732 partem

361 1737 401 1778 in
422 1738 700 1780 resurrectione
714 1737 863 1793 prima,
883 1753 964 1792 que
983 1737 1102 1792 erigit
1121 1753 1218 1778 eum
1238 1749 1279 1779 et
1297 1749 1402 1779 stare
1422 1738 1519 1779 facit
1538 1737 1580 1778 in
1601 1737 1890 1779 mandatorum

364 1798 444 1840 Dei
467 1799 545 1841 uia.
586 1800 641 1840 Et
660 1798 700 1839 in
721 1797 796 1840 hiis
814 1798 1026 1847 ambobus,
1047 1798 1199 1839 scilicet
1223 1798 1448 1840 Dominico
1470 1809 1510 1839 et
1532 1799 1565 1839 F
1570 1798 1764 1848 rancisco,
1786 1809 1827 1839 et
1847 1797 1891 1839 in

360 1875 505 1901 eorum
536 1859 786 1915 sequacibus,
818 1875 920 1901 mors
950 1860 1114 1900 secunda
1144 1874 1218 1899 non
1260 1859 1377 1900 habet
1402 1868 1647 1915 potestatem,
1679 1861 1749 1900 sed
1776 1867 1892 1901 erunt

359 1922 572 1962 sacerdotes
605 1919 686 1961 Dei
719 1929 757 1961 et
792 1919 945 1961 Christi
979 1919 1077 1969 eius,
1113 1929 1151 1961 et
1184 1921 1402 1974 regnabunt
1434 1936 1517 1960 cum
1552 1936 1592 1960 eo
1625 1919 1729 1961 mille
1762 1919 1890 1969 annis,

359 1981 512 2022 scilicet
536 1981 769 2022 seculorum
794 1980 949 2022 seculis.
1011 1980 1247 2034 Preparauit
1271 1980 1396 2021 etiarn
1425 1980 1633 2022 Dominus
1658 1991 1800 2022 contra
1826 1979 1889 2021 in-

360 2041 656 2095 oportunitates
675 2041 796 2082 huius
814 2040 1008 2095 temporis
1025 2052 1252 2083 strenuum.
1289 2075 1298 2083 .

429 2117 537 2164 The
570 2118 683 2164 MS.
716 2117 819 2164 fails
849 2135 905 2163 us
936 2118 1062 2173 here,
1094 2116 1469 2180 unfortunately,
1501 2117 1594 2163 and
1625 2117 1706 2163 the
1735 2117 1889 2163 whole

360 2200 557 2247 passage
579 2183 617 2230 is
638 2184 807 2230 absent
828 2182 953 2229 from
974 2183 1056 2230 the
1077 2183 1265 2246 Prague
1287 2194 1400 2230 text.
1459 2183 1598 2229 After
1619 2184 1699 2229 the
1720 2183 1888 2229 lacuna

359 2267 429 2295 we
460 2251 578 2296 have
610 2249 663 2312 (f.
704 2250 817 2311 194)
848 2249 929 2295 the
960 2249 1054 2295 end
1084 2249 1142 2295 of
1165 2250 1245 2295 the
1277 2249 1378 2296 first
1408 2249 1465 2295 of
1488 2260 1581 2295 two
1612 2248 1888 2295 alternative

358 2315 649 2378 expositions
671 2315 727 2361 of
739 2332 896 2361 verses
925 2330 941 2360 Ι
960 2331 1031 2360 1-1
1047 2329 1072 2378 5
1094 2315 1152 2361 of
1165 2316 1245 2362 the
1266 2333 1394 2361 same
1415 2316 1623 2378 chapter,
1648 2315 1735 2361 but
1755 2315 1888 2361 there

357 2381 395 2427 is
420 2381 625 2444 nothing
647 2381 694 2426 in
719 2382 799 2427 the
822 2391 916 2427 rest
938 2380 996 2426 of
1011 2381 1104 2427 this
1129 2382 1324 2445 chapter
1346 2392 1394 2428 to
1418 2381 1576 2427 detain
1600 2398 1671 2427 us.
1734 2382 1753 2427 I
1780 2398 1887 2444 pass

360 2464 421 2493 on
458 2447 511 2509 (f.
554 2448 696 2509 195l2)
737 2458 785 2493 to
826 2447 900 2493 ch.
935 2446 1028 2505 xxi,
1069 2465 1113 2494 v.
1158 2463 1231 2505 10,
1267 2448 1348 2494 the
1380 2446 1533 2493 vision
1568 2446 1625 2493 of
1653 2447 1731 2493 the
1765 2447 1888 2493 New

359 2513 624 2574 Jerusalem
649 2531 658 2559 ε
1569 2544 1573 2548 -

422 2601 499 2642 Per
522 2600 639 2642 istam
663 2600 873 2642 ciuitatem
897 2600 1160 2656 designantur
1184 2601 1325 2643 fratres
1349 2601 1540 2650 minores,
1564 2600 1633 2656 qui
1658 2600 1885 2642 secundum

363 2661 600 2719 Hystoriam
644 2661 772 2702 uitam
813 2662 1092 2715 apostolorum
1135 2662 1362 2712 imitantur,
1406 2673 1446 2703 et
1488 2661 1770 2716 predicatores,
1813 2661 1883 2717 qui

357 2722 587 2777 apostolum
605 2722 779 2763 Paulum
795 2721 836 2762 in
852 2721 1126 2776 predicatione
1140 2733 1345 2764 secuntur.
1383 2721 1453 2763 Isti
1469 2737 1612 2763 omnes
1631 2721 1883 2763 Iherusalem

928 2798 944 2822 1
974 2799 1037 2848 Cf.
1057 2813 1094 2850 p.
1116 2810 1161 2848 25
1182 2800 1312 2837 above.
