1955 3303
367 198 392 243 3
429 196 454 227 2
1046 183 1183 229 Friar
1201 185 1459 230 Alexander
1481 186 1576 231 and
1593 188 1660 232 his
1683 186 1930 234 Historical

395 283 664 325 descenderent
699 284 757 323 ad
783 280 969 337 populum
1005 280 1309 336 informandum,
1346 282 1437 338 quia
1474 292 1512 324 et
1546 284 1759 325 sacerdotes
1794 285 1924 339 angeli

396 343 675 385 describuntur.
716 344 825 385 Item
853 341 906 398 [f.
935 342 1000 396 Ib]
1028 341 1101 382 Isti
1125 351 1215 383 sunt
1239 358 1346 396 reges
1366 343 1481 396 Iuda,
1501 342 1567 385 isti
1589 343 1755 385 Leuitici
1767 345 1922 399 generis

393 404 524 458 regale
556 404 686 460 utique
717 401 985 454 sacerdotium,
1012 417 1107 456 gens
1137 412 1285 455 sancta,
1313 403 1479 458 populus
1510 403 1781 460 acquisitionis,
1814 421 1858 446 ac
1888 405 1923 448 si

393 464 494 506 alius
523 463 750 520 Benyamin,
772 462 884 519 filius
916 477 989 502 non
1022 471 1104 503 tam
1138 462 1277 504 doloris
1309 463 1349 503 in
1377 464 1596 519 penitentia
1636 481 1751 521 quam
1783 465 1922 507 scilicet

394 525 640 566 exultationis
665 525 705 565 in
727 523 868 579 gloria.
916 523 1022 563 Puto
1048 523 1157 578 quod
1183 523 1288 564 sicut
1315 523 1415 564 olim
1433 524 1554 579 elegit
1570 535 1704 579 patres
1728 525 1920 576 seniores,

392 585 571 627 secundo
606 585 807 639 apostolos
844 582 1036 632 iuniores,
1075 583 1128 624 ita
1171 595 1212 625 et
1254 598 1367 624 nune
1408 599 1554 638 pueros
1596 585 1718 640 eligat
1758 585 1808 626 ad
1851 586 1919 628 lit·
1954 612 1955 635 1

393 657 523 687 teram
555 657 719 700 propter
752 660 819 686 eos
851 643 998 699 quibus
1042 655 1180 685 uetera
1224 644 1490 685 inualuerunt
1532 644 1582 686 ad
1626 645 1919 699 predicandum
1953 665 1955 674 ¹

391 707 504 761 regni
527 706 789 761 euangelium
811 703 972 759 prelatis
990 714 1030 744 et
1046 704 1366 746 adulterantibus
1385 705 1559 746 uerbum
1581 705 1673 747 Dei.
1715 707 1770 747 Et
1794 707 1847 763 [f.
1871 709 1918 763 2]
1954 719 1955 724 ’

388 767 484 808 sicut
514 779 591 822 per
627 768 791 822 Moysen
829 774 867 806 et
914 765 1022 805 Iosue
1071 765 1307 807 Chananeus
1356 765 1449 821 [sic]
1500 766 1692 808 Israelitis
1747 767 1918 821 subiecit,

390 827 629 869 Christianis
649 839 725 882 per
749 826 921 867 Paulum
947 834 985 865 et
1010 825 1240 867 Barnabam
1265 825 1413 867 strauit
1436 826 1654 881 ydolatras,
1679 826 1731 868 sic
1757 836 1795 868 et
1817 843 1918 869 nunc

382 899 459 944 per
476 890 568 930 duos
586 887 737 929 ordines
744 887 951 943 fututuros
971 884 1064 942 [sic]
1083 886 1306 942 significatis
1326 886 1418 942 [sic]
1438 886 1478 927 in
1497 885 1574 928 illis
1587 896 1720 941 gentes
1737 887 1916 930 incredu-

385 948 446 990 las
478 948 659 1003 subiugat
691 957 806 1004 atque
840 954 1041 987 conuertat
1076 947 1183 1003 [sic]
1239 947 1347 988 Item
1383 947 1438 1003 [f.
1475 949 1547 1002 13]
1593 947 1666 989 Isti
1699 957 1789 989 sunt
1816 960 1914 1004 pre-

385 1009 573 1051 dicatores
608 1008 741 1065 optimi
775 1007 840 1065 qui
874 1007 1026 1048 honeste
1062 1017 1100 1048 et
1133 1007 1254 1049 sobrie
1290 1024 1425 1049 uerum
1460 1008 1591 1048 Deum
1627 1017 1665 1049 et
1702 1009 1916 1050 Dominum

384 1070 615 1112 laudabunt.
656 1070 765 1111 Item
790 1067 922 1124 [ibid]
958 1066 1069 1109 Nota
1080 1080 1157 1124 per
1171 1068 1237 1109 hoc
1252 1070 1355 1124 quod
1366 1084 1500 1109 coruus
1516 1067 1684 1110 unicolor
1710 1078 1749 1110 et
1774 1069 1914 1111 colum-

384 1131 432 1171 ba
457 1131 615 1172 discolor
637 1129 676 1170 in
701 1129 831 1185 seipsis
863 1162 873 1171 .
909 1161 918 1170 .
954 1160 963 1168 .
997 1138 1232 1170 concurrent.
1279 1129 1387 1170 Item
1420 1128 1552 1184 [ibid]
1592 1129 1719 1170 Alter'
1735 1131 1826 1171 ordo
1850 1129 1917 1187 qui

382 1192 433 1232 ab
453 1191 545 1246 ipsis
565 1190 711 1245 angelis
726 1188 973 1245 paulominus
993 1189 1267 1239 minorabitur,
1280 1189 1339 1230 hic
1360 1199 1416 1231 est
1425 1190 1567 1245 frater
1588 1199 1715 1232 uester
1734 1189 1914 1233 minimus

381 1268 490 1308 quem
506 1251 660 1307 expedit
673 1251 792 1292 libere
807 1260 845 1291 et
859 1249 976 1291 etiam
991 1266 1091 1292 sacco
1106 1249 1300 1304 religionis
1315 1266 1444 1291 eorum
1457 1249 1583 1305 ligare
1595 1250 1746 1291 calicem
1763 1251 1913 1319 Ioseph,

381 1312 520 1353 scilicet
542 1311 859 1368 predicationem,
880 1310 920 1351 in
942 1325 1018 1365 qua
1046 1320 1271 1365 auguratur
1298 1310 1476 1363 Pharao,
1505 1310 1551 1351 id
1575 1320 1631 1352 est
1661 1310 1843 1353 Christus
1870 1311 1911 1352 in

382 1373 577 1427 euangelio
596 1371 787 1414 ueritatis.
828 1372 936 1413 Item
964 1372 1016 1428 [f.
1035 1382 1087 1424 25
1095 1373 1133 1426 b]
1167 1371 1346 1412 Summus
1358 1371 1550 1427 pontifex,
1569 1371 1638 1427 qui
1657 1371 1913 1426 significatur

381 1433 422 1473 in
446 1433 593 1482 Ysaac,
615 1435 706 1474 duos
727 1434 812 1473 edos
832 1433 931 1485 edet,
952 1431 1043 1489 quia
1063 1432 1190 1473 minor
1215 1433 1306 1473 ordo
1327 1448 1457 1473 eorum
1468 1431 1639 1487 festinus
1659 1434 1718 1473 ad
1733 1432 1908 1474 obedien-

379 1493 476 1534 tiam
506 1493 655 1535 clericos
686 1503 724 1534 et
751 1492 866 1534 laicos
895 1492 1168 1548 indifferenter
1196 1492 1378 1534 admissos
1409 1492 1732 1534 excommunicans
1761 1510 1787 1534 a
1812 1505 1909 1549 pro-

372 1554 476 1610 priis
497 1553 737 1595 incorticabit
758 1552 913 1596 ecclesie.
957 1554 1065 1595 Item
1090 1553 1142 1610 [f.
1169 1552 1243 1608 26]
1271 1553 1387 1593 Scala
1420 1552 1554 1608 religio
1576 1562 1645 1606 est,
1668 1553 1796 1608 angeli
1812 1565 1909 1609 pre-

377 1614 565 1656 dicatores
592 1630 735 1667 eorum,
762 1613 953 1656 Dominus
978 1613 1133 1655 innixus
1161 1613 1335 1669 Spiritus
1359 1613 1498 1655 scilicet
1523 1615 1708 1655 roborans
1735 1614 1907 1656 ordinem

377 1677 596 1728 eorundem,
626 1676 777 1730 gradus
810 1675 908 1716 scale
941 1674 1138 1730 profectus
1177 1675 1396 1726 eorundem,
1431 1683 1475 1715 ut
1507 1674 1579 1715 alii
1612 1674 1764 1716 ordines
1792 1675 1907 1730 peni-

375 1736 538 1776 tentium
558 1737 625 1777 sub
645 1752 684 1776 eo
704 1737 806 1791 quod
822 1735 931 1790 forte
950 1735 990 1776 in
1010 1735 1089 1790 ipso
1109 1734 1242 1776 ordine
1267 1734 1532 1790 predicatores
1551 1744 1668 1776 erunt
1696 1734 1822 1776 clerici
1840 1735 1907 1792 qui

374 1797 460 1836 Deo
485 1796 674 1849 seruiant,
690 1795 780 1837 laici
804 1795 869 1852 qui
893 1795 1038 1836 contine
1065 1795 1157 1850 [sic]
1185 1804 1223 1836 et
1247 1795 1419 1849 religiose
1445 1794 1598 1848 uiuant,
1619 1794 1844 1851 spirituales
1868 1805 1907 1837 et

369 1856 586 1912 penitentes
623 1856 792 1911 uirgines
829 1856 894 1912 qui
932 1856 1024 1911 [sic]
1063 1872 1101 1897 se
1137 1872 1162 1896 a
1199 1855 1353 1897 turbine
1390 1855 1573 1897 secularis
1608 1855 1906 1899 conuersationis

373 1918 619 1970 abscondant,
654 1918 774 1958 oleum
809 1918 854 1957 de
888 1916 1042 1957 inuento
1079 1916 1171 1972 [sie]
1202 1925 1322 1972 petra
1345 1916 1449 1972 fides
1486 1932 1601 1972 quam
1635 1916 1834 1972 supposuit
1866 1927 1905 1959 et

372 1977 546 2034 infundit
584 1977 674 2034 quia
714 1977 966 2018 obedientiam
998 1986 1035 2018 et
1073 1976 1335 2018 reuerentiam
1375 1976 1565 2018 exhibebit
1602 1977 1723 2033 capiti
1759 1993 1903 2019 summo

366 2038 539 2094 pontifici
560 2048 597 2079 et
617 2038 760 2079 tenebit
780 2047 818 2078 et
838 2037 1056 2079 obseruabit
1070 2049 1147 2093 per
1167 2037 1293 2078 omnia
1314 2036 1558 2093 apostolicam
1568 2037 1691 2093 fidem
1713 2047 1752 2079 et
1770 2038 1901 2080 catho-

370 2098 482 2139 licam
501 2099 714 2140 doctrinam
733 2098 891 2151 ecclesie,
910 2115 980 2155 que
998 2107 1053 2140 est
1070 2099 1200 2140 domus
1216 2097 1297 2138 Dei
1315 2107 1352 2138 et
1364 2107 1484 2153 porta
1501 2097 1583 2151 celi,
1602 2107 1640 2139 et
1656 2098 1721 2139 hoc
1733 2108 1901 2154 propter

365 2159 575 2215 perfidiam
600 2158 849 2212 Antichristi,
876 2159 942 2215 qui
966 2159 1199 2214 temporibus
1224 2158 1343 2214 ipsius
1369 2158 1515 2200 ordinis
1540 2167 1579 2199 et
1602 2158 1719 2213 signis
1745 2168 1783 2200 et
1802 2171 1899 2214 pro—

370 2220 483 2274 digiis
509 2220 751 2261 mendacibus
778 2229 834 2261 est
860 2219 1093 2261 reuelandus
1120 2221 1220 2260 unde
1247 2219 1368 2261 Porte
1395 2218 1515 2275 inferi
1540 2234 1613 2259 non
1635 2219 1900 2274 preualebunt

369 2282 556 2322 aduersus
583 2297 678 2322 eam.
726 2281 880 2335 Item[
863 2281 915 2338 [f.
944 2280 1044 2335 61b]
1073 2281 1167 2321 Ecce
1187 2280 1445 2335 plantaturus
1477 2288 1533 2321 est
1562 2279 1753 2321 Dominus
1778 2295 1899 2322 nouas

368 2341 499 2382 salices
538 2357 639 2382 secus
673 2340 940 2395 generationes
979 2340 1093 2382 seculi
1132 2341 1337 2398 defluentes
1377 2339 1442 2397 qui
1470 2339 1716 2396 fructificare
1755 2342 1896 2381 mundo
1954 2354 1955 2362 ¹

368 2411 538 2442 renuant
574 2411 611 2442 et
646 2403 704 2441 ad
733 2401 885 2442 celestia
920 2401 1000 2443 sola
1036 2403 1213 2454 tendant,
1249 2400 1387 2443 salutis
1421 2400 1552 2456 itaque
1587 2400 1821 2442 consiliarios
1857 2410 1896 2442 et

368 2461 588 2503 uoluntarie
624 2461 876 2517 paupertatis
917 2471 1123 2514 amatores,
1144 2461 1228 2517 fide
1265 2461 1383 2502 etiam
1412 2462 1570 2502 mundos
1601 2470 1639 2502 et
1666 2460 1895 2503 correctione
1953 2454 1955 2467 ⁴

365 2538 529 2576 seueros,
546 2522 679 2579 quibus
695 2522 829 2562 mundi
839 2522 996 2576 gaudiis
1012 2522 1202 2564 derelictis
1213 2522 1446 2577 gaudiorum
1462 2521 1728 2577 spiritualium
1744 2537 1893 2576 organa

366 2584 541 2624 debemus
566 2582 713 2624 saniori
737 2582 885 2623 consilio
905 2581 1125 2638 applicare,
1152 2592 1197 2624 ut
1221 2584 1378 2624 tandem
1398 2593 1474 2638 pro
1500 2581 1667 2624 terrenis
1692 2582 1894 2638 stipendiis

363 2643 515 2684 celestia
529 2643 633 2685 nobis
647 2645 925 2699 rependantur.

434 2726 569 2771 Here
606 2725 766 2771 follow
808 2726 982 2771 several
1026 2725 1300 2788 quotations
1343 2724 1468 2770 from
1513 2725 1557 2771 S.
1599 2724 1887 2787 Hildegard.

365 2793 444 2838 On
466 2792 546 2838 the
565 2791 653 2837 last
670 2809 803 2837 verse
822 2791 879 2837 of
892 2792 971 2837 the
990 2792 1185 2854 chapter
1204 2791 1241 2837 is
1262 2791 1441 2854 quoted
1462 2790 1515 2853 (f.
1544 2806 1560 2836 1
1574 2792 1657 2853 99)
1677 2808 1701 2836 a
1722 2790 1889 2853 saying
1929 2853 1930 2856 Ἴ
