1955 3303
362 169 453 228 146
1193 168 1459 215 Additional
1475 168 1787 230 Materialfor
1806 170 1878 215 the

352 264 401 312 in
429 265 687 313 elemosina
713 265 1028 330 reparacionis
1054 265 1211 330 operis
1238 266 1433 312 ecclesie
1459 284 1625 313 eorum
1655 266 1880 314 Conuen-

353 331 493 379 tualis
532 343 578 379 et
615 332 984 396 supportacione
1021 332 1223 379 aliorum
1261 349 1463 378 onerum
1501 332 1548 378 in
1589 332 1654 380 eis
1692 332 1878 379 incum-

354 397 595 457 bencium,
625 414 678 444 ac
707 415 793 461 pro
821 408 893 445 tot
920 409 966 445 et
993 397 1135 445 tantis
1164 397 1383 460 gratuitis
1415 398 1657 445 beneficiis
1686 415 1804 462 pure
1833 408 1879 445 et

353 474 525 528 sponte
557 463 771 510 vnanimi
818 481 985 510 eorum
1020 481 1257 510 consensu
1300 463 1650 527 Capitulariter,
1686 475 1740 511 ut
1772 481 1880 537 pre-

354 529 518 588 fertur,
546 529 825 593 congregati
851 540 966 576 tunc
990 541 1035 576 et
1057 529 1238 576 ibidem
1267 540 1605 576 concesserunt
1632 547 1718 593 pro
1743 546 1809 576 eis
1833 540 1880 577 et

353 613 520 642 eorum
552 595 906 642 successoribus
937 596 1070 659 quod
1101 594 1344 659 perpetuis
1375 595 1549 642 futuris
1580 595 1879 660 temporibus

353 678 445 708 vna
490 660 633 707 missa
677 660 851 708 cotidie
894 661 1160 724 specialiter
1203 661 1469 708 celebretur
1512 672 1558 708 et
1601 661 1787 708 dicetur
1829 661 1877 707 in

354 726 549 773 ecclesia
568 743 735 773 eorum
755 727 1060 774 conuentuali
1080 726 1292 791 predicta
1312 744 1398 791 pro
1417 726 1668 774 animabus
1687 727 1879 774 Thome

355 792 623 851 Gloucestr,
651 792 889 855 armigeri,
919 804 965 840 et
991 794 1135 839 Anne
1161 793 1394 839 consortis
1421 810 1520 852 sue,
1548 810 1602 839 ac
1627 792 1878 840 animabus

355 858 556 922 predicti
592 858 825 905 Willelmi
862 859 1108 907 Cantelow
1141 876 1195 906 ac
1234 859 1512 922 Margarete
1548 869 1594 905 et
1631 859 1878 906 Elisabeth

352 941 556 971 vxorum
601 941 810 984 suarum,
853 936 1126 999 parentum,
1174 924 1382 989 prolium
1428 935 1474 971 et
1518 924 1879 972 benefactorum

355 1008 568 1049 suorum,
594 1001 641 1037 et
664 1008 751 1055 pro
771 1007 939 1037 maiori
961 1002 1093 1054 parte
1115 991 1163 1037 in
1188 991 1265 1037 illa
1293 1001 1426 1054 parte
1448 990 1643 1038 ecclesie
1667 990 1880 1055 predicte

354 1056 436 1104 vbi
493 1073 692 1120 corpora
749 1056 1075 1121 predictorum
1132 1057 1325 1104 Thome
1382 1067 1427 1103 et
1483 1057 1628 1103 Anne
1684 1057 1879 1103 humata

354 1122 676 1186 requiescunt,
706 1123 914 1187 exceptis
941 1123 1094 1170 tribus
1122 1122 1330 1170 diebus
1320 1139 1368 1169 in
1400 1123 1686 1170 Ebdomada
1713 1122 1881 1169 maiori

356 1205 451 1252 que
494 1199 564 1235 est
606 1188 882 1236 immediate
923 1199 1032 1236 ante
1074 1189 1203 1236 diem
1247 1190 1453 1253 pasche:
1515 1199 1561 1235 et
1603 1189 1736 1252 quod
1779 1188 1880 1235 dies

355 1254 698 1301 Anniuersaria
775 1255 1038 1302 eorundem
1115 1254 1322 1328 Thome,
1397 1256 1555 1314 Anne,
1631 1254 1879 1328 Willelmi,

360 1320 654 1384 Margarete,
672 1331 719 1367 et
735 1320 983 1368 Elisabeth
1000 1338 1110 1368 cum
1127 1321 1337 1384 exequiis
1358 1332 1660 1368 mortuorum
1677 1331 1723 1367 et
1738 1320 1881 1367 missa

358 1403 469 1433 cum
494 1396 605 1433 nota
627 1387 760 1433 omni
782 1404 909 1433 anno
938 1387 1083 1433 semel
1113 1398 1256 1451 prout
1283 1404 1369 1451 pro
1399 1387 1638 1451 precipuis
1662 1386 1882 1433 benefac-

357 1452 541 1499 toribus
576 1452 816 1499 dictorum
850 1452 1052 1500 fratrum
1080 1453 1171 1499 loci
1199 1453 1400 1517 predicti
1433 1463 1700 1500 conuentus
1728 1452 1882 1499 facere

357 1519 609 1566 consueuit
665 1519 1001 1566 obseruabitur
1058 1519 1180 1566 circa
1237 1519 1414 1566 festum
1472 1530 1633 1566 sancte
1690 1519 1883 1582 Agathe

355 1585 555 1648 virginis
592 1585 794 1649 singulis
830 1585 966 1632 annis
1002 1584 1377 1649 imperpetuum.
1449 1586 1524 1631 Ac
1560 1585 1692 1648 quod
1729 1595 1883 1631 cetera

358 1668 520 1697 omma
568 1661 614 1697 et
662 1651 850 1714 singula
898 1650 1073 1698 facient
1121 1662 1167 1698 et
1214 1652 1558 1710 obseruabunt,
1607 1668 1660 1697 ac
1708 1650 1884 1697 facient

358 1717 561 1764 fideliter
591 1717 850 1775 obseruari,
874 1717 922 1763 in
948 1717 1239 1780 quibusdam
1271 1716 1539 1763 indenturis
1572 1717 1631 1763 de
1663 1727 1709 1763 et
1740 1733 1884 1780 super

360 1782 602 1847 premissis
644 1793 691 1829 et
731 1800 784 1829 ea
825 1783 1232 1846 consequentibus
1273 1783 1517 1841 confectis,
1561 1782 1728 1846 sigillis
1770 1782 1885 1829 dicti

360 1848 665 1913 prouincialis
698 1865 752 1895 ac
785 1848 1032 1895 communi
1068 1849 1351 1896 Conuentus
1385 1849 1558 1896 domus
1593 1848 1805 1912 predicte
1839 1859 1885 1896 et

361 1914 531 1979 prefati
582 1915 815 1961 Willelmi
867 1914 1113 1962 Cantelow
1162 1914 1392 1978 sigillatis,
1445 1915 1788 1979 comprehensa
1839 1925 1885 1961 et

361 1981 644 2045 specificata,
672 1998 767 2045 que
792 1981 989 2044 quidem
1018 1982 1280 2028 Indentura
1304 1992 1420 2028 tunc
1444 1980 1625 2027 ibidem
1649 1981 1768 2027 lecta
1793 1980 1885 2027 fuit

362 2058 408 2093 et
447 2046 638 2111 publice
676 2047 856 2094 eisdem
895 2047 1160 2094 declarata:
1219 2047 1369 2094 Cuius
1407 2058 1545 2094 tenor
1582 2047 1797 2111 sequitur
1834 2046 1883 2093 in

361 2114 449 2159 hec
470 2113 629 2160 verba.
690 2114 800 2159 Hec
825 2113 1086 2160 Indentura
1108 2113 1231 2160 facta
1252 2113 1376 2160 inter
1396 2113 1591 2160 fratrem
1612 2113 1884 2174 Johannem

364 2179 509 2242 Kyry,
545 2189 634 2226 etc.
706 2179 836 2243 [The
872 2179 1177 2226 Indenture
1167 2197 1205 2227 is
1239 2179 1417 2226 recited
1449 2197 1498 2226 as
1532 2179 1673 2242 given
1707 2178 1755 2224 in
1795 2178 1885 2225 The

366 2247 482 2305 Grey
513 2245 668 2291 Friars
702 2245 752 2307 of
781 2246 980 2304 London,
1018 2263 1098 2309 pp.
1136 2249 1257 2292 208-
1267 2261 1340 2304 ΙΙ,
1377 2245 1491 2292 with
1525 2263 1550 2291 a
1583 2244 1675 2291 few
1707 2244 1885 2291 textual

360 2311 630 2369 variations,
655 2311 748 2357 viz.
754 2329 838 2375 p.
866 2325 979 2372 209,
1005 2312 1100 2358 line
1125 2325 1170 2372 7,
1197 2311 1569 2359 necessariorum
1594 2321 1883 2369 nostrorum,

362 2377 457 2423 line
499 2393 573 2450 14,
610 2376 903 2436 ordinamus,
941 2378 1036 2424 line
1073 2380 1151 2438 36,
1188 2388 1383 2441 aperte;
1436 2395 1481 2442 p.
1521 2391 1634 2435 210,
1672 2376 1767 2423 line
1809 2392 1882 2435 10,

364 2443 423 2489 de
447 2443 700 2506 precipuis,
726 2443 843 2490 lines
869 2457 948 2504 23,
976 2458 1055 2503 24,
1081 2443 1431 2507 perfeccionem
1453 2462 1465 2500 3
1506 2460 1552 2506 p.
1579 2456 1636 2489 21
1655 2458 1693 2500 Ι,
1719 2443 1813 2488 line
1839 2455 1882 2504 5,

366 2510 592 2573 peracta.]

432 2575 549 2621 Post
591 2575 727 2621 cuius
771 2575 968 2639 quidem
1015 2575 1277 2622 Indenture
1319 2575 1548 2621 lecturam
1593 2585 1638 2620 et
1682 2574 1889 2620 declara-

363 2640 551 2687 cionem
605 2640 806 2705 predicti
857 2640 1024 2689 fratres
1077 2641 1292 2688 Thomas
1346 2641 1558 2699 Radnor,
1613 2640 1886 2687 Willelmus

366 2706 612 2765 Goddard,
649 2708 894 2768 Johannes
932 2708 1077 2771 Kyry,
1117 2719 1163 2754 et
1198 2706 1340 2754 ceteri
1377 2706 1636 2753 confratres
1673 2723 1783 2752 cum
1821 2705 1886 2752 eis

365 2773 583 2836 superius
605 2773 851 2833 nominati,
873 2791 1039 2821 omnes
1061 2785 1107 2821 et
1126 2773 1303 2838 singuli
1323 2772 1587 2837 specialiter
1607 2783 1652 2819 et
1672 2771 1889 2819 nomina-
