1955 3303
69 162 108 220 I.
152 161 321 219 Notes
374 182 446 219 οη
500 157 589 218 the
642 160 976 219 Documents
1030 165 1087 218 in
1141 158 1229 219 the
1283 159 1592 221 Cathedral

150 244 368 320 Library
416 264 476 306 at
529 245 870 320 Canterbury
916 245 1144 320 relating
1197 263 1249 307 to
1304 246 1393 307 the
1448 250 1590 323 Grey

148 336 341 394 FriarS.
423 336 499 408 By
530 332 781 395 Charles
822 335 1075 394 Cotton,

66 492 111 523 A.
148 492 484 522 ORIGINAL
538 491 741 521 DEEDS
792 491 924 520 AND
978 491 1259 521 LETTERS

68 582 100 612 1·
204 572 521 620 MONGST
588 574 670 620 the
732 571 1028 619 muniments
1096 572 1361 636 belonging
1410 583 1459 620 to
1513 574 1594 620 the

67 574 385 748 ADean
419 639 514 686 and
548 639 758 702 Chapter
789 638 846 684 of
878 638 1193 702 Canterbury‚
1220 639 1316 685 and
1341 640 1595 703 preserved

248 705 294 752 in
325 706 406 752 the
440 704 694 752 Cathedral
723 704 938 767 Library‚
969 704 1007 750 is
1038 721 1064 750 a
1101 704 1389 769 chirograph
1426 705 1595 752 inden-

65 782 170 818 ture
187 772 455 818 numbered
475 771 632 831 C.103
647 785 685 829 1,
705 770 848 816 dated
867 784 931 830 24
947 771 1090 831 June,
1117 787 1134 816 1
1147 785 1260 831 294,
1280 772 1375 818 and
1392 771 1595 834 relating

66 848 115 884 to
150 838 232 884 the
269 838 424 884 Friars
464 837 635 883 Minor
669 835 727 883 of
757 836 1073 899 Canterbury,
1111 838 1273 883 whose
1308 837 1402 884 seal
1438 837 1476 884 is
1513 855 1596 901 ap-

66 904 273 967 pended.
323 905 367 951 It
393 904 431 950 is
459 903 645 950 written
674 902 722 948 in
751 920 776 948 a
805 902 927 948 clear
953 902 1439 967 thirteenth-century
1465 904 1595 950 hand

64 987 126 1016 on
152 971 434 1034 parchment
456 968 731 1031 measuring
759 969 872 1033 7⁷s8''
904 969 967 1032 by
991 970 1123 1032 473⁹,
1149 969 1401 1033 including
1424 971 1504 1016 the
1524 970 1596 1016 in-

67 1036 307 1095 dentures,
327 1036 422 1082 and
439 1035 476 1082 is
495 1035 732 1081 endorsed
754 1053 764 1082 ε

127 1129 339 1185 Obligatio
361 1130 555 1171 Fratrum
576 1128 787 1169 minorum
810 1129 932 1170 Cant'
955 1128 1005 1170 de
1026 1129 1066 1184 iij
1087 1144 1115 1171 s.
1140 1129 1318 1171 redditus
1338 1129 1459 1171 debit'
1481 1129 1595 1171 nobis

66 1189 116 1231 de
139 1190 304 1233 diuersis
327 1189 581 1231 tenementis.
627 1189 694 1230 De
717 1189 883 1230 diuersis
907 1189 949 1230 in
975 1190 1112 1231 Cant'.

136 1277 245 1324 The
267 1287 365 1324 text
387 1276 446 1323 of
461 1277 542 1324 the
567 1276 689 1323 deed
713 1276 752 1323 is
775 1294 824 1323 as
849 1276 1033 1323 follows
1057 1295 1067 1324 :

580 1374 1081 1417 IAIssHdVHDOHAO

127 1445 292 1486 Notum
313 1444 364 1486 sit
386 1444 576 1486 omnibus
598 1444 849 1498 presentibus
871 1455 912 1485 et
934 1445 1082 1486 futuris
1104 1445 1213 1500 quod
1236 1445 1278 1486 in
1302 1445 1404 1487 festo
1426 1445 1596 1487 Natiui-

67 1505 158 1547 tatis
184 1505 310 1547 sancti
338 1505 539 1560 Johannis
570 1505 750 1559 Baptiste
775 1521 886 1546 anno
914 1505 1070 1547 domini
1101 1506 1299 1548 MQCCO
1329 1506 1595 1561 nonagesimo

66 1578 211 1622 quarto
237 1566 370 1621 Regni
397 1581 495 1607 uero
522 1566 644 1620 Regis
670 1565 860 1607 Edwardi
886 1565 1080 1608 vicesimo
1103 1567 1283 1608 secundo
1311 1567 1374 1608 Ita
1399 1567 1596 1608 conuenit

67 1627 173 1668 inter
206 1627 390 1668 Priorem
422 1638 464 1668 et
493 1638 750 1668 conuentum
782 1627 948 1668 ecclesie
981 1627 1135 1669 Christi
1170 1629 1367 1669 Cantuar'
1402 1643 1452 1669 ex
1482 1640 1595 1682 parte

66 1703 146 1729 vna
169 1699 210 1729 et
235 1687 495 1729 Gardianum
520 1699 560 1729 et
586 1688 858 1729 Conuentum
884 1687 1058 1729 fratrum
1083 1688 1294 1729 minorum
1321 1689 1518 1730 Cantuar’
1544 1704 1595 1729 ex

65 1749 190 1790 altera
219 1748 407 1790 videlicet
434 1748 544 1804 quod
573 1763 670 1789 cum
700 1748 856 1790 diuersa
886 1760 1121 1790 tenementa
1149 1749 1460 1791 continerentur
1490 1749 1596 1790 infra

66 1809 269 1850 ambitum
285 1809 466 1863 ipsorum
482 1809 656 1850 fratrum
672 1808 721 1850 de
737 1809 857 1850 feodo
873 1809 1151 1863 predictorum
1169 1810 1318 1851 Prioris
1335 1822 1376 1851 et
1393 1811 1593 1852 Conuen-

68 1881 132 1911 tus
149 1870 191 1910 in
211 1870 424 1920 Cantuar',
442 1869 630 1911 videlicet
647 1881 933 1911 tenementum
950 1870 1058 1926 quod
1076 1871 1285 1926 quondam
1303 1871 1382 1912 fuit
1399 1870 1595 1913 Samuelis

69 1930 252 1972 tinctoris
277 1945 351 1984 pro
376 1946 458 1985 quo
483 1930 735 1971 debebantur
760 1930 814 1972 eis
847 1931 1064 1972 annuatim
1098 1931 1195 1987 vijd.
1224 1932 1436 1987 quadrans.
1483 1932 1593 1973 Item

67 2006 141 2046 pro
162 2002 400 2033 tenemento
419 1991 627 2046 quondam
650 1991 868 2046 Berenger’
891 1992 933 2032 in
953 1992 1105 2049 Wytht
1124 1992 1221 2048 xijd.
1257 1993 1365 2033 Item
1385 2008 1459 2047 pro
1480 2004 1595 2033 tene-

69 2063 212 2094 mento
240 2051 421 2093 eiusdem
450 2051 493 2092 in
523 2051 724 2094 Ottemed
754 2054 817 2094 vd,
868 2053 977 2093 Item
1014 2068 1088 2106 pro
1117 2064 1355 2095 tenemento
1384 2053 1594 2108 quondam

69 2112 221 2155 Serone
260 2112 309 2154 de
350 2112 536 2154 Boctone
566 2111 648 2167 vjd.
709 2113 818 2154 Item
848 2128 922 2167 pro
954 2112 1133 2154 Redditu
1164 2114 1353 2171 Wyberti
1385 2114 1594 2170 quondam

71 2173 219 2215 Prioris
246 2173 412 2214 ecclesie
441 2172 593 2214 Christi
621 2172 800 2227 predicte
827 2173 938 2214 iuxta
976 2174 1191 2216 Ottowell’
1230 2174 1327 2230 xijd.
1376 2175 1484 2216 Item
1521 2190 1595 2228 pro

70 2245 308 2276 tenemento
331 2233 523 2288 Stephani
558 2233 630 2274 filii
664 2233 827 2275 Lewini
852 2234 1026 2276 Samuel’
1050 2234 1187 2277 xviiid.
1239 2235 1388 2276 Prefati
1416 2235 1532 2276 Prior
1554 2246 1595 2276 et

72 2296 317 2337 Conuentus
346 2294 591 2336 remiserunt
624 2305 665 2336 et
697 2294 885 2350 quietum
919 2295 1242 2352 clam[auerunt]
1279 2296 1320 2337 in
1349 2308 1594 2351 perpetuum

70 2355 257 2410 predictis
273 2355 463 2397 fratribus
479 2366 519 2396 et
535 2370 680 2396 eorum
694 2356 987 2398 successoribus
1002 2357 1142 2398 omnia
1156 2357 1356 2412 arreragia
1371 2357 1443 2399 sibi
1461 2357 1594 2398 debita

70 2416 120 2457 de
144 2416 387 2458 tenementis
411 2415 599 2470 predictis
625 2416 776 2457 intuitu
802 2416 988 2459 caritatis.
1034 2418 1098 2459 Ita
1123 2417 1311 2459 videlicet
1335 2418 1444 2474 quod
1470 2418 1593 2458 iidem

71 2477 212 2518 fratres
229 2488 269 2519 et
286 2492 430 2518 eorum
446 2491 691 2519 successores
708 2476 757 2517 de
773 2489 909 2519 cetero
925 2493 997 2532 per
1011 2493 1104 2519 suos
1120 2490 1401 2532 procuratores
1421 2479 1594 2519 fideliter

69 2537 172 2579 solui
190 2537 341 2579 facient
355 2537 571 2579 annuatim
587 2537 773 2591 predictis
793 2538 921 2579 Priori
939 2549 980 2580 et
998 2539 1238 2581 Conuentui
1257 2539 1299 2580 in
1316 2539 1593 2581 Thesauraria

69 2613 141 2640 sua
168 2609 246 2640 tres
272 2598 418 2640 solidos
444 2598 571 2639 annui
599 2597 777 2639 redditus
803 2614 877 2653 pro
903 2599 1093 2641 omnibus
1120 2600 1365 2642 tenementis
1391 2600 1593 2655 predictis,

70 2658 258 2701 videlicet
290 2658 551 2700 medietatem
582 2658 632 2700 ad
664 2660 810 2713 pascha
842 2670 883 2701 et
912 2660 1035 2701 aliam
1067 2660 1328 2702 medietatem
1359 2661 1410 2702 ad
1443 2661 1594 2702 festum

69 2719 196 2761 sancti
224 2719 444 2761 Michaelis
467 2735 542 2774 pro
565 2719 756 2761 omnibus
779 2720 955 2762 serviciis
979 2732 1020 2762 et
1042 2721 1287 2764 secularibus
1311 2721 1520 2763 demandis
1543 2720 1593 2762 ad

70 2780 269 2835 predictos
284 2780 467 2823 Priorem
485 2792 526 2822 et
539 2781 810 2823 Conuentum
822 2780 872 2822 de
884 2781 1034 2823 eisdem
1046 2782 1290 2825 tenementis
1306 2782 1590 2838 spectantibus.

1411 2859 1435 2882 A
