1955 3303
93 150 355 196 Documents
377 161 426 194 at
445 150 485 195 C
485 150 717 208 anterbury
735 149 948 211 Relating
964 161 1002 194 to
1024 151 1094 194 the
1120 150 1234 208 Grey
1253 149 1406 195 Friars
1584 162 1610 209 7

95 260 141 290 ut
162 249 274 290 labor
296 248 416 302 ipsius
439 248 481 288 in
503 259 731 289 vestrorum
753 247 1137 289 studiosissimorum
1161 247 1342 289 filiorum
1365 248 1551 291 medullis
1573 260 1615 291 et

95 308 282 351 cordibus
314 308 454 349 diuine
485 308 585 350 lucis
618 308 729 350 radio
763 307 1041 361 insplendente
1074 307 1213 349 vberes
1237 308 1419 349 salutaris
1443 309 1614 351 ffructus

94 368 322 423 manipulos
339 380 541 423 operetur.
579 369 740 411 Verum
758 367 852 424 quia
870 367 1113 409 humaniora
1131 367 1303 409 subsidia
1321 368 1446 409 etiam
1463 369 1614 410 vocali-

93 430 166 471 bus
191 429 413 484 gratiarum
438 429 665 470 actionibus
691 444 775 470 non
801 427 961 470 sufficio
987 442 1262 482 compensare,
1290 443 1342 469 ne
1368 439 1507 470 tamen
1534 429 1615 483 ipsa

93 489 277 531 videatur
309 489 464 545 ingrata
496 489 648 531 oblivio
678 488 860 543 sepelisse
891 504 971 544 que
1004 488 1202 530 memorie
1236 488 1385 530 finibus
1418 489 1615 530 inamissi-

94 550 227 591 biliter
266 550 573 604 imprimuntur,
612 549 662 591 ad
703 548 1020 590 retribucionem
1059 564 1325 603 suppremum
1367 549 1453 604 [sic]
1494 549 1617 590 stillat

93 611 235 652 oculus
252 610 399 652 mentis
416 610 565 665 pariter
581 621 622 651 et
637 609 821 659 affectus,
840 620 886 650 ut
903 620 1015 650 tante
1032 609 1281 665 dignacionis
1298 609 1617 651 vicissitudinem

93 682 413 725 recompensent.
464 672 556 712 Hec
583 670 633 712 ad
662 685 822 724 presens
851 681 982 711 vestre
1010 669 1241 724 paternitati
1271 685 1411 711 serene
1440 670 1619 711 breuiter

95 745 434 773 commemorasse
474 731 663 780 sufficiat,
697 746 746 771 eo
787 729 897 786 quod
939 730 980 770 in
1022 730 1210 784 proximo
1249 746 1366 785 spero
1406 730 1618 772 vobiscum

94 791 278 833 diffusius
296 792 391 834 viue
409 792 518 834 vocis
537 791 702 833 oraculo
721 801 976 844 pertractare.
1017 790 1103 832 Diu
1127 791 1269 832 floreat
1287 802 1417 833 vestra
1437 791 1618 847 dignatio

94 852 330 903 reuerenda,
367 852 433 894 cui
470 868 537 893 me
571 863 612 893 et
647 851 772 892 michi
809 850 1044 892 commissos
1080 851 1292 893 humiliter
1327 851 1619 893 recommendo

93 912 443 968 quemadmodum
470 928 540 954 vos
567 923 609 953 et
636 923 787 953 vestros
815 911 857 952 in
886 912 962 952 hac
990 923 1125 953 nostra
1153 912 1468 967 congregatione
1496 911 1620 954 habui

93 973 425 1016 affectuosissime
447 972 765 1014 commendatos.
807 972 960 1027 Scripta
983 972 1275 1028 Nothingham
1293 973 1430 1015 sabato
1453 984 1543 1028 post
1558 988 1621 1014 as-

95 1034 372 1088 sumptionem
389 1033 571 1089 Virginis
586 1033 770 1088 gloriose.

157 1094 404 1150 [Endorsed]
432 1093 617 1135 Domino
643 1093 771 1135 Priori
796 1093 907 1135 Eccl’
931 1093 997 1148 xpi
1023 1094 1236 1137 Cantuar’.

165 1178 253 1241 (ii.)
294 1178 408 1242 [Ch.
440 1178 530 1226 Ch.
556 1178 776 1224 Letters:
817 1178 990 1240 Eastry
1017 1177 1250 1224 Portfolio
1282 1178 1364 1236 IV,
1395 1178 1490 1224 No.
1515 1178 1621 1241 44.]

158 1261 392 1303 Venerabili
434 1261 536 1315 patri
580 1261 622 1301 in
666 1260 832 1303 Christo
873 1275 921 1301 ac
962 1259 1131 1302 domino
1179 1295 1188 1303 .
1244 1294 1254 1303 .
1306 1261 1436 1303 Priori
1478 1261 1624 1303 Sancte

97 1321 316 1363 Trinitatis
354 1321 579 1364 Cantuarie
617 1322 762 1362 Frater
796 1321 867 1363 W.
908 1322 1103 1362 Fratrum
1140 1321 1351 1363 minorum
1388 1321 1430 1362 in
1469 1321 1621 1377 Anglia

97 1382 280 1424 minister
303 1393 343 1423 et
363 1398 503 1424 seruus
526 1382 716 1437 indignus
738 1397 836 1423 cum
857 1381 972 1423 omni
995 1382 1231 1423 reuerencia
1253 1382 1420 1424 humilis
1441 1382 1623 1437 obsequii

97 1443 131 1485 F
134 1443 375 1485 amulatum.
425 1443 644 1498 Obligatus
665 1442 777 1484 vobis
801 1454 886 1483 tam
916 1458 989 1496 pro
1020 1458 1088 1483 me
1117 1458 1242 1498 quam
1273 1443 1374 1484 mihi
1401 1442 1625 1484 commissis

97 1503 307 1545 Fratribus
323 1504 373 1544 ad
396 1515 532 1545 totum
558 1503 597 1544 id
623 1503 732 1559 quod
758 1503 887 1553 valeo,
906 1519 990 1544 non
1016 1503 1148 1545 audeo
1173 1519 1307 1559 neque
1332 1504 1460 1546 debeo
1486 1503 1625 1545 vestris

95 1564 364 1618 peticionibus
390 1564 583 1614 resistere,
610 1564 678 1620 qui
705 1575 866 1618 paratus
890 1580 982 1605 sum
1008 1564 1311 1618 imperpetuum
1337 1564 1476 1606 vestris
1501 1565 1625 1606 bene-

96 1624 250 1679 placitis
277 1625 496 1675 obseruire,
518 1625 612 1667 volo
640 1624 764 1680 igitur
792 1636 838 1666 ut
859 1624 1027 1666 dilectus
1049 1625 1091 1665 in
1114 1625 1281 1667 Christo
1305 1626 1448 1667 Frater
1470 1625 1625 1666 Radul-

97 1686 215 1739 phus,
239 1701 313 1740 pro
338 1702 421 1741 quo
445 1697 575 1727 vestra
601 1685 835 1727 reuerencia
860 1685 1103 1740 supplicauit
1127 1686 1253 1736 vobis,
1279 1700 1376 1727 cum
1402 1697 1624 1736 remaneat,

99 1757 140 1787 et
161 1746 264 1788 votis
285 1746 424 1788 vestris
445 1757 583 1800 pareat
603 1746 708 1788 sicut
728 1746 838 1801 prius
860 1757 901 1787 et
922 1746 1083 1788 obediat
1104 1746 1209 1788 sicut
1230 1747 1332 1788 mihi
1355 1746 1397 1787 in
1424 1746 1622 1789 Domino.

100 1807 247 1849 Valeat
265 1818 395 1848 vestra
408 1807 595 1848 sanctitas
615 1807 657 1847 in
678 1807 845 1849 Christo
864 1818 905 1848 et
924 1807 966 1847 in
986 1807 1161 1862 Virgine
1178 1823 1249 1849 sua
1268 1818 1410 1850 matre.

161 1867 409 1923 [Endorsed]
434 1867 679 1909 Reuerendo
711 1867 819 1909 Patri
851 1867 892 1908 in
924 1867 1091 1910 Christo
1121 1868 1290 1910 domino
1322 1868 1451 1910 Priori
1482 1868 1627 1910 Sancte

101 1927 321 1969 Trinitatis
341 1929 552 1971 Cantuar'.

171 2012 277 2075 (iii.)
318 2012 431 2075 [Ch.
459 2012 549 2059 Ch.
576 2013 777 2070 Letters‚
804 2012 864 2059 R.
893 2013 975 2070 IV,
1009 2013 1107 2076 13.]

162 2095 366 2137 Robertus
395 2095 658 2149 permissione
678 2094 835 2136 Diuina
869 2095 1173 2137 Cantuariensis
1198 2095 1539 2151 Archiepiscopus
1564 2107 1628 2137 to-

101 2155 186 2197 cius
199 2156 352 2211 Anglie
370 2156 518 2210 primas
536 2155 689 2197 dilectis
711 2155 802 2197 filiis
821 2189 830 2197 .
855 2189 864 2197 .
891 2156 1020 2197 Priori
1039 2168 1079 2197 et
1097 2156 1290 2210 Capitulo
1308 2157 1474 2198 ecclesie
1492 2168 1628 2199 nostre

103 2217 225 2258 Cant’
259 2217 432 2258 salutem
463 2217 635 2272 gratiam
667 2227 707 2257 et
738 2216 1077 2259 benedictionem.
1129 2217 1442 2259 Considerantes
1474 2218 1628 2259 labores

101 2276 279 2318 diutinos
309 2277 478 2318 emerite
507 2277 657 2318 milicie
686 2292 786 2332 quos
816 2277 940 2318 frater
970 2277 1182 2319 Martinus
1210 2277 1260 2319 de
1291 2278 1425 2335 Clyue
1454 2278 1629 2320 decursis

103 2338 352 2392 temporibus
380 2349 465 2379 tam
493 2337 535 2379 in
562 2349 648 2379 arte
676 2338 883 2379 dialectica
911 2338 1068 2379 dudum
1096 2339 1256 2394 egregie
1284 2339 1475 2394 regendo,
1503 2354 1628 2395 quam

102 2398 399 2466 postmodum
389 2414 430 2439 1n
454 2413 564 2440 sacra
588 2399 733 2453 pagina
757 2398 864 2439 inter
886 2414 956 2440 vos
981 2399 1177 2440 continue
1199 2399 1399 2441 studendo
1422 2400 1628 2450 sustinuit,

103 2459 481 2515 compacientesque
500 2459 798 2500 imbecillitati'
788 2459 908 2514 ipsius
929 2475 1054 2515 quam
1076 2460 1159 2501 iam
1175 2460 1330 2514 peperit
1350 2460 1392 2501 in
1411 2476 1460 2502 eo
1478 2460 1629 2502 tediosa

102 2531 301 2570 senectus,
328 2520 461 2574 ipsum
485 2520 536 2561 ab
561 2535 686 2561 onere
711 2520 924 2561 communi
951 2532 992 2561 et
1017 2533 1213 2562 consueto
1238 2521 1466 2562 celebrandi
1494 2521 1629 2563 missas

102 2594 150 2621 ac
180 2580 303 2621 etiam
334 2581 376 2621 in
407 2581 534 2622 choro
564 2581 781 2622 refectorio
811 2581 999 2622 cantandi
1030 2593 1071 2623 et
1100 2581 1259 2637 legendi
1291 2593 1331 2623 et
1362 2582 1550 2623 fratribus
1581 2581 1630 2623 de

104 2640 279 2696 coquina
298 2641 514 2692 seruiendi,
536 2653 669 2683 vestro
689 2653 960 2683 concurrente
978 2657 1138 2684 assensu
1158 2642 1407 2684 absoluimus
1427 2642 1476 2684 de
1496 2642 1629 2698 gracia

104 2701 263 2755 speciali
288 2717 297 2743 ε
338 2702 522 2743 nolentes
546 2714 683 2743 tamen
707 2702 815 2758 quod
838 2717 910 2757 per
932 2718 978 2743 ea
1000 2719 1080 2758 que
1103 2703 1209 2744 circa
1232 2703 1437 2757 prefatum
1461 2703 1629 2744 fratrem

106 2761 148 2802 in
167 2762 244 2803 hac
261 2773 374 2817 parte
391 2763 569 2818 graciosa
586 2775 676 2804 acta
693 2774 803 2813 sunt,
821 2763 1106 2805 consuetudini
1125 2764 1292 2805 ecclesie
1310 2775 1446 2806 nostre
1463 2764 1630 2820 antique
