1955 3303
51 173 392 233 Interpretation
417 171 465 233 of
481 173 552 218 the
572 172 843 233 Apocahpse
1516 187 1541 219 2
1552 188 1577 235 3

51 266 282 322 predicandi
317 266 480 308 licentia
512 267 710 322 plurimos
744 267 984 309 Sclauorum
1018 266 1225 308 conuertit
1256 267 1307 309 ab
1340 267 1582 311 infidelitate

50 342 133 370 sua.
189 327 419 369 Predicauit
451 339 592 369 autern
625 327 868 370 auctoritate
903 326 1123 369 Alberonis
1158 337 1258 369 tunc
1291 328 1582 384 archiepiscopi

53 388 298 439 Bremensis,
317 399 358 430 et
375 388 456 430 suis
475 388 728 444 exigentibus
747 387 901 429 meritis
920 387 1187 429 Aldenborch
1208 399 1267 430 est
1284 387 1327 429 in
1347 388 1583 444 episcopum

51 448 274 499 ordinatus,
308 448 358 490 ad
393 464 518 504 quarn
552 448 741 504 episcopii
776 448 913 490 sedem
947 447 1081 489 omnis
1116 447 1228 504 regio
1264 449 1583 500 Obodritorum,

53 509 301 550 Polaborum
336 521 377 551 et
410 510 652 551 Wairorum
685 509 904 565 aliquando
938 508 1179 563 pertinebat,
1216 509 1407 551 uidelicet
1440 525 1584 552 omnes

51 569 108 610 illi
132 569 201 625 qui
225 584 338 611 nunc
362 570 582 612 Lubicensi
606 582 647 612 et
668 568 926 611 Zwerinensi
950 580 991 611 et
1014 569 1335 625 Rasceburgensi
1359 570 1584 612 diocesibus

51 641 147 672 sunt
161 630 345 681 subiecti,
358 631 412 672 ita
425 631 534 687 quod
547 631 688 673 eadem
702 630 867 671 ecclesia
879 630 1021 671 decem
1034 629 1228 684 episcopis
1240 630 1312 672 sibi
1328 631 1584 673 succedenti-

52 691 139 741 bus,
156 707 179 732 a
197 702 381 746 tempore
399 692 598 735 Ottonis
588 690 840 759 lmperatoris
857 690 926 747 qui
944 690 1126 745 primum
1146 691 1397 733 Marconem
1414 692 1585 734 nomine

51 751 187 806 posuit
209 752 466 806 pontificem,
490 752 542 794 sit
564 752 712 808 gauisa
756 751 831 794 Sed
856 762 897 792 et
921 751 963 792 in
991 751 1254 806 Magnopoli,
1280 752 1349 793 ubi
1374 752 1584 820 quondam

50 812 161 854 sedes
182 824 268 854 erat
288 829 368 868 que
389 828 502 855 nunc
522 824 582 855 est
603 813 644 853 in
666 812 833 854 ecclesia
854 812 1128 862 Zwerinensi,
1150 823 1192 854 et
1212 828 1292 868 que
1313 824 1372 854 est
1392 813 1584 868 precipua

51 872 194 915 ciuitas
234 873 551 924 Obodritorum,
592 873 633 914 in
673 884 836 914 tantum
875 884 961 914 erat
998 873 1215 927 ampliatus
1253 873 1382 915 diuini
1422 873 1583 916 seruicii

50 934 199 984 cultus,
231 934 340 990 quod
373 934 548 989 exceptis
580 934 834 975 monasteriis
865 945 907 975 et
938 933 1114 975 ecclesiis
1147 933 1413 976 circumcirca
1445 934 1586 976 locatis

51 994 211 1036 stabant
231 995 307 1036 tria
329 995 498 1037 cenobia
519 994 667 1050 regulis
688 994 921 1036 monasticis
942 994 1184 1049 mancipata.
1225 994 1301 1037 Sed
1323 995 1470 1045 Sclaui,
1492 1010 1585 1050 sepe

52 1055 267 1097 redeuntes
284 1056 334 1097 ad
356 1056 577 1106 uomitum,
596 1055 735 1097 occisis
759 1055 959 1106 fidelibus,
978 1055 1190 1097 destructis
1207 1055 1396 1106 ecclesiis,
1414 1071 1585 1098 omnem

52 1115 94 1157 in
116 1117 231 1158 terris
252 1117 327 1158 illis
347 1116 476 1158 diuini
498 1116 676 1158 nominis
696 1116 941 1158 memoriam
962 1115 1147 1157 funditus
1166 1116 1415 1159 abraserunt.
1455 1118 1586 1158 Anno

51 1177 165 1218 enim
191 1177 364 1219 Domini
389 1177 606 1219 millesimo
629 1177 878 1232 sexagesimo
900 1176 1080 1218 secundo
1105 1176 1410 1219 Godescalcum
1433 1177 1586 1232 princi-

51 1253 161 1293 pem,
192 1238 261 1294 qui
289 1238 440 1280 multos
465 1254 516 1279 ex
541 1238 597 1280 eis
623 1249 897 1288 conuerterat,
923 1237 1174 1280 occiderunt.
1217 1238 1456 1293 Johannem
1482 1237 1587 1293 epis-

52 1313 203 1353 copum
241 1299 364 1340 etiam
405 1299 727 1341 Mikelenborch
765 1298 900 1353 primo
938 1299 1110 1340 fustibus
1150 1313 1289 1340 cesum
1328 1299 1474 1340 deinde
1510 1314 1586 1354 pro

52 1359 228 1401 ludibrio
258 1375 330 1414 per
358 1359 542 1401 ciuitates
574 1371 752 1401 tractum
784 1371 824 1401 et
852 1359 1020 1414 pedibus
1045 1359 1315 1415 manibusque
1346 1371 1586 1402 truncatum

50 1420 203 1462 absciso
220 1420 350 1475 capite
365 1421 626 1475 proiecerunt
643 1421 685 1461 in
703 1421 880 1475 plateam
897 1420 1064 1462 canibus
1086 1420 1379 1463 deuorandum.
1426 1420 1586 1462 Eodem

52 1491 237 1535 tempore
282 1482 709 1537 Hammaburgensem
741 1481 865 1523 etiam
906 1481 1143 1536 parochiam
1175 1481 1284 1523 ferro
1321 1493 1362 1523 et
1392 1481 1584 1523 incendio

52 1552 331 1592 uastauerunt,
370 1554 548 1597 castrum
577 1543 886 1584 Hammaborch
914 1542 1099 1584 funditus
1124 1542 1378 1584 deleuerunt.
1424 1543 1587 1586 Omnes

52 1601 189 1659 itaque
208 1603 339 1645 Sclaui
361 1603 467 1645 facta
486 1603 786 1658 conspiratione
803 1603 853 1644 ad
872 1603 1190 1658 paganissimum
1212 1603 1300 1659 [sic]
1321 1603 1472 1645 iterum
1490 1614 1587 1645 sunt

52 1664 193 1718 relapsi
213 1663 353 1706 occisis
372 1664 563 1706 omnibus
581 1664 651 1720 qui
673 1664 798 1705 fidem
818 1678 966 1720 negare
985 1664 1190 1706 nolebant.
1229 1665 1285 1706 Et
1303 1675 1404 1706 tunc
1423 1664 1588 1706 uacauit

51 1724 161 1766 sedes
180 1724 529 1781 Aldenburgensis
546 1725 755 1781 octoginta
772 1736 949 1781 quatuor
964 1725 1093 1767 annis.
1132 1725 1224 1766 Hec
1241 1736 1327 1766 erat
1344 1725 1586 1767 Sclauorum

52 1785 177 1826 tercia
194 1785 372 1841 negatio,
390 1802 491 1842 quos
508 1786 642 1841 primo
660 1786 841 1828 Karolus
859 1786 1079 1836 conuertit,
1097 1786 1277 1828 secundo
1296 1786 1404 1829 Otto
1422 1786 1586 1836 tercius,

52 1846 180 1887 tercio
207 1846 392 1901 princeps
421 1847 493 1888 iste
522 1847 810 1889 Godescalcus.
858 1848 1054 1903 Cumque
1080 1846 1293 1901 placuisset
1324 1847 1512 1888 Domino
1540 1858 1587 1888 ut

52 1903 130 1948 hee
148 1907 258 1948 sedes
276 1907 326 1948 ad
345 1907 431 1949 eius
450 1908 772 1949 reformarentur
791 1909 1008 1958 honorem,
1029 1919 1069 1949 et
1088 1907 1170 1948 iam
1189 1907 1360 1949 misisset
1378 1907 1466 1949 illos
1485 1922 1586 1963 quos

51 1967 101 2008 ad
138 1968 262 2009 talem
297 1968 531 2022 prouideret
570 1968 811 2024 dignitatem
847 1983 1029 2024 congrue
1065 1968 1176 2024 loqui
1224 1980 1383 2023 poterat
1418 1968 1586 2010 ecclesia

61 2027 155 2069 Uidi
177 2030 282 2070 sedes
304 2040 345 2070 et
367 2030 551 2071 sederunt
572 2041 690 2085 super
713 2046 790 2079 eas,
813 2029 967 2071 scilicet
992 2029 1208 2071 Uicelinus
1226 2029 1268 2070 in
1289 2029 1525 2071 Aldeborch
1545 2040 1587 2071 et

54 2089 310 2131 Erachardus
332 2090 373 2130 in
397 2090 680 2140 Mikelborch,
703 2090 742 2131 id
763 2101 822 2131 est
844 2089 1106 2145 Magnopoli,
1127 2090 1196 2145 qui
1217 2090 1340 2132 ambo
1360 2101 1456 2132 sunt
1474 2106 1586 2132 anno

53 2149 209 2191 domini
227 2150 444 2192 millesimo
461 2151 684 2193 centesimo
700 2151 1008 2207 quadragesimo
1025 2166 1136 2192 nono
1154 2150 1304 2192 ibidem
1321 2150 1362 2192 in
1379 2151 1586 2205 episcopos

53 2211 288 2253 consecrati.
327 2213 383 2253 Et
402 2211 583 2253 iudicium
604 2213 739 2253 datum
760 2221 816 2254 est
834 2211 925 2265 illis,
945 2211 1040 2267 quia
1060 2211 1294 2253 confirmati
1315 2227 1387 2266 per
1408 2212 1586 2254 Albero-

53 2287 151 2313 nem
178 2272 529 2327 archiepiscopum
561 2273 827 2314 Bremensem
856 2272 980 2314 etiam
1008 2272 1268 2327 predicando,
1298 2272 1476 2328 ligando,
1504 2273 1585 2314 sol-

53 2332 189 2374 uendo
211 2333 499 2375 auctoritatem
521 2345 768 2388 acceperunt
791 2333 970 2388 plenarie
992 2333 1210 2388 potestatis.
1254 2334 1321 2375 Ac
1344 2333 1586 2375 uenerabilis

51 2394 235 2436 sacerdos
280 2394 494 2436 Vicelinus
539 2394 742 2450 frequenti
788 2395 925 2436 labore
970 2394 1121 2437 Sclauis
1165 2393 1363 2451 ydolatrie
1407 2394 1586 2436 nimium

53 2454 196 2496 deditis
225 2455 400 2496 uerbum
432 2455 526 2496 fidei
556 2455 766 2510 proposuit
794 2467 836 2497 et
864 2467 1096 2497 extremum
1127 2455 1325 2496 iudicium
1355 2455 1586 2497 nuntiando

52 2515 186 2569 plures
214 2516 431 2558 conuertit,
477 2517 593 2557 Nam
620 2532 692 2570 per
719 2516 895 2584 triginta·
911 2532 1040 2558 annos
1066 2527 1289 2572 antequam
1316 2516 1586 2571 episcopalem

54 2576 371 2618 sollicitudinem
388 2588 598 2645 acceperet
618 2577 705 2633 [sic]
724 2593 796 2632 per
813 2577 1024 2633 regionem
1042 2577 1153 2618 illam
1174 2577 1348 2618 fideliter
1364 2577 1584 2627 laborabat,

53 2637 164 2704 quasi
190 2649 356 2691 portum
381 2638 526 2694 quietis
551 2638 703 2680 habens
729 2639 762 2680 F
765 2638 1017 2680 alderensem
1042 2638 1253 2680 ecclesiam
1278 2654 1403 2693 quam
1427 2637 1585 2679 archie-

53 2697 239 2752 piscopus
258 2698 330 2740 sibi
351 2699 611 2741 commiserat
630 2699 941 2753 procurandam.
980 2699 1054 2741 Est
1071 2710 1212 2740 autem
1233 2700 1267 2741 F
1270 2699 1404 2740 aldera
1424 2714 1585 2740 nouum

54 2759 349 2801 monasterium
393 2776 503 2801 anno
551 2760 725 2802 Domini
771 2760 988 2802 millesimo
1033 2759 1256 2802 centesimo
1302 2760 1497 2802 uicesimo
1542 2759 1585 2800 in

54 2819 295 2861 Wairorum
314 2821 526 2875 prouincia
545 2820 791 2863 institutum.
830 2822 992 2864 Verum
1011 2837 1063 2862 ne
1081 2821 1213 2863 Sclaui
1233 2821 1419 2863 conuersi
1438 2835 1585 2862 secun-

54 2879 155 2921 dum
174 2896 291 2922 suam
312 2881 652 2923 consuetudinem
674 2882 716 2923 in
738 2881 979 2934 ydolatriam
1000 2882 1247 2930 laberentur,
1269 2881 1399 2923 immo
1421 2893 1467 2924 ut
1486 2895 1585 2935 gens
