1955 3303
26 137 367 197 Interpretation
392 134 440 196 of
456 136 527 180 the
548 134 818 196 Apocalypse
1493 148 1518 194 3
1533 148 1549 179 1

26 245 69 276 et
85 249 169 276 non
187 233 230 274 in
247 244 467 287 conspectu
489 232 569 274 Dei
587 231 637 273 ad
655 232 773 274 istam
790 230 1002 272 ciuitatem
1019 241 1327 284 computantur,
1345 231 1415 286 qui
1433 231 1558 273 etiam

26 295 132 336 bona
159 293 201 335 in
227 294 385 335 malum
412 292 765 347 interpretentur?
807 291 923 333 Nam
949 290 1088 332 omnia
1114 305 1402 344 peruersorum
1426 292 1560 334 solent

26 369 289 409 corrumpere
324 369 470 396 mores.
527 353 594 395 De
619 351 853 394 huiusmodi
884 351 1052 393 canibus
1076 350 1175 392 dicit
1201 351 1407 393 Iohannes
1434 352 1556 407 [Rem

25 415 124 465 xxii,
162 416 235 470 15]
258 413 364 470 foris
396 430 518 456 canes.
569 413 757 467 Quidam
790 412 840 454 de
872 411 964 467 ipsis
997 410 1248 466 egredientes
1279 411 1560 453 austeritatem

25 475 178 518 ordinis
195 475 302 516 ferre
318 475 503 516 nolentes
519 490 587 516 eos
604 474 898 529 blasphemant,
915 472 1173 514 ostendentes
1189 471 1300 527 quod
1317 471 1560 527 religionem

26 552 111 578 non
129 551 180 577 ex
196 535 319 577 corde
334 535 596 591 susceperint.

97 620 178 665 On
216 618 299 664 the
336 617 586 680 following
622 633 795 675 verses,
836 615 1113 678 describing
1151 615 1232 662 the
1269 615 1473 661 absence
1512 615 1569 662 of

25 685 164 731 other
181 684 361 747 temple
380 701 434 730 or
452 683 576 747 light
594 683 708 730 than
730 682 840 729 God
859 682 955 728 and
974 682 1056 728 the
1082 681 1253 739 Lamb‚
1282 681 1364 728 the
1387 681 1561 729 author

26 751 239 797 remarks
262 749 315 813 (f.
342 751 484 813 196b)
508 768 518 797 τ

86 827 336 869 Notandum
364 827 474 884 quod
502 826 571 868 hic
600 826 648 868 fit
684 825 843 867 mentio
878 824 929 867 de
964 825 1120 880 templo
1148 835 1190 866 et
1215 825 1300 867 sole
1327 836 1370 867 et
1396 825 1494 867 luna
1523 836 1564 867 et

27 899 160 931 nocte.
215 888 331 930 Dicit
364 903 544 944 namque
578 886 761 928 Historia
793 886 903 942 quod
938 887 1101 928 Fratres
1136 885 1328 927 Minores
1359 886 1410 927 ab
1443 886 1562 928 initio

26 948 212 991 ecclesias
230 964 315 991 non
335 949 543 991 haberent.
579 947 712 989 Tunc
730 947 855 989 etiam
877 947 1084 989 Iohannes
1101 946 1341 1000 simpliciter
1358 947 1562 1001 templum

26 1025 112 1051 non
131 1009 246 1070 uidit.
312 1009 387 1052 Sed
411 1020 548 1064 postea
572 1007 751 1050 habituri
776 1019 893 1049 erant
916 1007 1113 1049 ecclesias.
1151 1007 1276 1049 Vnde
1301 1006 1343 1048 in
1361 1007 1562 1063 sequenti,

25 1070 190 1126 quando
215 1069 366 1112 iterum
389 1069 546 1111 mentio
573 1069 621 1111 fit
644 1068 694 1110 de
718 1080 840 1110 nocte
864 1079 905 1110 et
928 1068 1095 1110 lucerna
1119 1079 1161 1109 et
1183 1068 1268 1109 sole
1291 1082 1377 1110 non
1401 1067 1500 1110 dicit
1522 1083 1565 1110 se

26 1131 229 1186 templum
245 1146 330 1173 non
347 1130 500 1180 uidere,
517 1129 611 1187 quia
627 1129 732 1171 sicut
748 1129 924 1171 diximus
945 1140 1084 1184 postea
1104 1129 1340 1171 habuerunt
1362 1129 1562 1179 ecclesias,

26 1207 112 1233 non
135 1203 273 1233 tamen
295 1191 337 1232 in
360 1202 523 1232 tantum
544 1201 706 1233 ornatas
728 1201 774 1232 ut
794 1206 818 1232 a
839 1190 992 1245 populo
1012 1201 1176 1244 possent
1195 1189 1386 1244 appellari
1410 1190 1562 1244 templa

24 1251 113 1294 siue
132 1252 348 1307 templum,
368 1251 496 1307 magis
513 1251 770 1293 attendentes
788 1267 886 1292 eum
905 1251 975 1306 qui
996 1250 1094 1293 dicit
1111 1266 1153 1293 se
1172 1251 1328 1305 templo
1347 1250 1564 1301 maiorem,

25 1312 69 1354 in
90 1328 173 1369 quo
195 1313 349 1367 templo
370 1312 413 1353 in
435 1312 511 1355 isto
531 1312 669 1354 seculo
690 1323 732 1353 et
752 1312 895 1354 futuro
917 1311 989 1367 ipsi
1015 1312 1109 1353 Deo
1130 1322 1172 1353 et
1194 1313 1320 1367 Agno
1341 1311 1565 1367 disponunt

25 1387 124 1415 cum
141 1373 332 1416 omnibus
348 1373 495 1416 sanctis
512 1373 677 1416 seruire.

94 1456 140 1503 A
157 1456 277 1503 little
294 1455 481 1502 further
498 1473 576 1514 on,
595 1473 641 1502 v.
663 1469 688 1501 2
699 1469 742 1518 5,
763 1455 810 1501 in
830 1454 1072 1502 reference
1089 1465 1139 1502 to
1157 1455 1238 1502 the
1256 1465 1389 1518 gates
1407 1454 1565 1501 which

26 1521 145 1569 shall
167 1532 251 1569 not
270 1522 330 1569 be
350 1522 511 1568 closed
530 1532 578 1568 at
596 1521 656 1568 all
678 1521 741 1585 by
760 1521 866 1585 day,
889 1522 949 1567 he
969 1539 1074 1585 says
1095 1521 1149 1584 (f.
1178 1537 1195 1567 1
1209 1522 1321 1584 97b)
1345 1539 1355 1568 ε

87 1599 126 1642 Si
161 1599 262 1641 olim
295 1599 492 1641 Neemias
526 1599 730 1641 habuisset
762 1599 1024 1641 subficientes
1059 1598 1207 1640 milites
1240 1609 1282 1640 et
1314 1614 1443 1649 arma,
1478 1613 1563 1640 non

27 1660 167 1702 fuisset
195 1675 356 1702 necesse
385 1671 432 1702 ut
460 1660 664 1702 clausisset
684 1671 819 1715 portas
849 1659 1046 1701 terrestris
1072 1659 1328 1702 Iherusalem
1358 1674 1486 1716 usque
1513 1659 1564 1700 ad

28 1721 208 1763 calorem
227 1721 320 1763 solis
340 1721 446 1765 sicut
466 1721 539 1763 ista
560 1721 694 1763 habet.
734 1720 858 1763 Vnde
879 1720 978 1762 dicit
998 1720 1123 1762 etiam
1147 1720 1330 1762 Historia
1351 1720 1401 1761 de
1420 1731 1563 1762 sancto

29 1781 267 1824 Francisco1
300 1782 530 1825 Videbatur
552 1781 625 1824 sibi
651 1781 824 1824 domum
840 1797 957 1823 suam
974 1782 1139 1836 plenam
1156 1781 1306 1823 habere
1323 1781 1566 1822 militaribus

26 1842 164 1893 armis,
190 1842 341 1898 clipeis,
366 1843 515 1885 lanceis
541 1854 582 1884 et
606 1842 749 1884 ceteris
772 1842 1040 1897 apparatibus.
1086 1843 1282 1898 Cumque
1305 1841 1356 1883 ad
1380 1842 1564 1884 subitum

29 1918 169 1945 rerum
189 1914 388 1945 euentum
408 1915 588 1958 stuperet
607 1919 846 1958 responsum
867 1914 926 1945 est
945 1903 981 1944 ei
1002 1903 1143 1945 omnia
1162 1903 1231 1945 hic
1248 1919 1363 1944 arma
1381 1918 1453 1944 sua
1474 1902 1564 1945 fore

30 1963 293 2020 militumque
318 1980 502 2007 suorum.
548 1965 603 2005 Et
628 1964 796 2020 quidem
822 1964 993 2018 pulchre
1019 1963 1112 2006 satis
1138 1975 1181 2005 et
1201 1964 1357 2018 optime
1383 1963 1565 2005 multum

28 2040 142 2066 arma
167 2024 386 2067 traduntur
406 2035 549 2067 contra
567 2025 718 2067 fortem
738 2036 946 2066 armatum
968 2024 1088 2066 militi
1113 2036 1362 2080 pugnaturo,
1385 2036 1431 2066 ut
1451 2024 1564 2080 quasi

27 2085 130 2127 alter
145 2085 284 2127 Dauid
300 2086 351 2127 ab
369 2085 598 2128 inueterato
616 2085 882 2127 inimicorum
894 2085 1113 2140 obprobrio
1129 2085 1274 2127 liberet
1294 2086 1560 2128 Iherusalem.

30 2235 60 2282 h
100 2171 181 2217 On
209 2187 254 2242 V!
286 2171 365 2228 26,
395 2170 554 2216 where
580 2168 720 2232 again
748 2168 951 2215 allusion
979 2168 1017 2215 is
1045 2168 1200 2215 found
1228 2179 1277 2215 to
1304 2169 1386 2215 the
1413 2168 1565 2227 friars‚

66 2252 90 2281 e
113 2246 364 2282 continues
388 2253 398 2282 ε

89 2310 338 2352 Notandum
363 2310 488 2351 etiam
512 2309 622 2366 quod
646 2309 767 2351 abbas
795 2310 1009 2367 Ioachym‚
1028 2309 1145 2351 cuius
1168 2325 1289 2364 supra
1308 2309 1566 2351 mentionem

30 2370 217 2421 fecimus,
251 2382 294 2413 et
327 2370 444 2412 cuius
478 2386 583 2425 pene
617 2386 760 2412 omnes
795 2370 885 2412 libri
922 2370 1072 2425 recepti
1107 2381 1204 2412 sunt
1237 2370 1288 2412 ab
1322 2370 1566 2425 apostolicis,

30 2431 220 2474 uidelicet
246 2431 450 2487 Eugenio,
474 2431 608 2473 Lucio
633 2442 675 2473 et
701 2431 889 2482 Urbano,
915 2431 965 2473 de
990 2431 1072 2473 istis
1097 2431 1307 2474 ordinibus
1332 2431 1564 2486 predixerit.

32 2492 109 2534 Ait
131 2507 310 2549 namque
332 2508 453 2547 super
479 2492 730 2535 Iheremiam
756 2492 986 2549 [references
1011 2501 1078 2534 not
1098 2491 1317 2549 identified]
1345 2492 1565 2548 Diuulgari

29 2564 192 2607 oportet
216 2553 479 2609 euangelium
506 2553 651 2596 iterato
675 2569 700 2595 a
728 2553 814 2595 filio
839 2553 1012 2608 paruulo
1038 2553 1108 2609 qui
1135 2565 1325 2595 nascetur
1349 2553 1566 2596 couterino

35 2614 183 2668 Ioseph
216 2614 534 2669 predicatoribus
568 2613 761 2656 ueritatis.
813 2615 869 2656 Et
902 2614 1053 2656 iterum
1087 2613 1141 2671 [f.
1174 2615 1216 2670 Ι]
1270 2614 1415 2657 Tribus
1466 2613 1567 2655 Leui

32 2674 183 2717 ecclesia
196 2675 579 2732 contemplatiuorum
597 2677 644 2717 de
661 2692 737 2732 qua
754 2674 979 2731 spirituales
997 2677 1164 2717 doctores
1181 2691 1226 2716 ac
1242 2674 1275 2717 si
1292 2676 1338 2716 de
1350 2675 1424 2717 celo
1437 2674 1568 2730 angeli

208 2762 226 2788 1
244 2765 263 2802 I
279 2764 358 2802 Cel.
376 2764 397 2811 ᾗ
419 2775 451 2814 5,
468 2778 505 2815 p.
521 2777 544 2816 9
561 2765 638 2814 (ed.
654 2765 699 2802 E.
714 2764 1003 2809 Alenconiensis,
1024 2764 1156 2816 1906).
1187 2764 1251 2814 (A.
1267 2764 1322 2802 G.
1339 2763 1400 2814 L.)
