1955 3303
338 166 401 212 30
983 151 1120 196 Friar
1137 151 1396 196 Alexander
1416 152 1512 196 and
1529 152 1595 197 his
1618 150 1864 196 Historical

337 249 572 291 Dominum
601 250 739 291 Iesum
768 249 994 291 Christum.
1041 249 1118 290 Per
1143 259 1422 303 paupertatem
1449 248 1491 289 in
1517 263 1687 303 corpore
1712 247 1858 289 existe-

334 310 433 352 bant
455 310 570 366 nigre
593 321 634 351 et
656 310 852 364 despecte.
893 309 1023 364 Quod
1046 325 1088 350 se
1109 308 1361 351 subiciebant
1374 309 1531 363 spiritui
1548 320 1590 350 et
1610 309 1695 363 ipso
1714 307 1857 362 spiritu

332 370 559 412 secundum
571 370 801 425 apostolum
816 369 1152 411 incandescebant
1165 380 1206 410 et
1219 369 1523 411 renouebantur
1536 369 1586 410 de
1599 369 1664 410 die
1678 368 1720 410 in
1734 368 1856 410 diem.

337 431 389 473 In
405 447 595 486 supremo
613 447 712 472 uero
728 430 873 486 gradus
890 445 1029 472 coram
1045 430 1173 471 oculis
1193 429 1365 471 Domini
1384 429 1598 471 rubicundi
1615 440 1657 471 et
1673 428 1858 470 martires

334 491 514 533 fuerunt.
563 491 767 546 Scriptum
800 491 953 532 etenim
994 501 1053 532 est
1095 490 1274 546 [Ecclus
1305 490 1442 540 xxxiv,
1475 492 1549 546 27]
1583 489 1664 545 Qui
1693 488 1861 545 effundit

332 551 555 607 sanguinem
587 561 626 593 et
655 551 721 608 qui
741 552 931 607 fraudem
952 551 1059 607 facit
1088 549 1323 593 mercenario
1344 550 1503 606 fratres
1533 559 1634 592 sunt.
1684 550 1859 604 Quanto

333 612 460 668 magis
476 612 548 654 iste
564 612 634 668 qui
650 628 692 654 se
707 623 871 666 propter
893 612 1034 653 Deum
1057 611 1350 652 defraudabant
1368 611 1656 665 temporalibus
1672 609 1860 665 operibus

332 684 374 714 et
407 673 571 727 proprio
604 672 801 727 sanguine
846 672 1051 727 sanguinis
1086 672 1279 713 effusores
1316 671 1521 713 dicuntur.
1573 670 1688 726 Quia
1723 680 1861 711 narrat

335 733 516 774 Historia
539 733 648 789 quod
673 744 854 774 extreme
878 732 1102 774 necessitati
1128 732 1261 774 uictus
1285 743 1326 773 et
1352 731 1521 773 uestitus
1545 731 1616 773 uix
1637 742 1710 773 aut
1734 746 1858 772 num-

332 809 457 849 quam
477 793 815 836 satisfacerentur.
879 794 994 835 Nam
1025 793 1256 835 uoluntaria
1284 803 1496 847 paupertas
1517 803 1575 833 est
1594 806 1733 834 coram
1766 791 1860 832 Deo

333 854 575 896 martirium.
623 854 783 895 Sextum
809 854 975 896 sardius.
1020 853 1109 908 Qui
1137 853 1234 907 lapis
1261 865 1367 894 terre
1393 853 1514 894 rubre
1539 852 1715 907 speciem
1741 851 1857 907 gerit.

336 915 388 956 In
421 914 601 956 Historia
631 914 797 970 quintus
827 914 924 969 lapis
964 914 1113 955 dicitur
1142 929 1224 955 esse
1253 913 1505 955 taciturnitas
1534 924 1576 954 et
1603 911 1860 962 abstinentia,

333 975 401 1017 sed
432 991 456 1016 a
487 975 621 1030 primo
653 975 923 1016 fundamento
955 986 1014 1016 est
1044 986 1190 1016 sextus.
1244 975 1326 1016 Iste
1358 989 1536 1030 namque
1568 974 1860 1014 uehementem

334 1036 655 1077 taciturnitatem
694 1047 790 1077 sunt
828 1035 972 1090 adepte
1010 1046 1175 1090 propter
1217 1035 1451 1076 Dominum
1492 1045 1678 1076 nostrum
1721 1034 1860 1075 Iesum

335 1096 564 1147 Christum,
580 1096 649 1152 qui
667 1096 709 1137 in
725 1107 835 1138 sexta
852 1096 951 1137 feria
966 1107 1177 1151 tamquam
1193 1095 1281 1137 ouis
1296 1095 1345 1136 ad
1362 1095 1609 1137 occisionem
1625 1094 1770 1135 ductus
1786 1105 1859 1143 est,

333 1168 373 1198 et
394 1157 505 1212 quasi
526 1171 655 1212 agnus
677 1171 815 1198 coram
837 1156 1033 1198 tondente
1054 1156 1274 1198 obmutuit.
1317 1156 1394 1197 Per
1415 1156 1607 1197 ruborem
1629 1154 1768 1209 lapidis
1789 1153 1860 1195 de-

332 1217 516 1272 signatur
532 1217 641 1273 quod
659 1217 901 1258 abstinentia
920 1228 1082 1258 tantum
1100 1217 1301 1258 afflixerat
1318 1231 1463 1271 corpus
1483 1228 1529 1257 ut
1546 1227 1708 1271 possent
1726 1215 1860 1256 dicere

333 1292 430 1319 cum
454 1278 650 1332 propheta
677 1278 816 1333 [Lam.
844 1294 884 1328 v,
916 1279 987 1333 10]
1014 1277 1136 1319 Pellis
1159 1287 1293 1319 nostra
1316 1277 1427 1334 quasi
1449 1277 1620 1318 clibanus
1644 1285 1780 1318 exusta
1805 1284 1861 1318 est

333 1355 359 1379 a
374 1338 482 1393 facie
513 1348 783 1395 tempestatum
799 1338 936 1406 famis.
984 1338 1111 1379 Hec'
1101 1353 1143 1378 1n
1170 1338 1413 1380 memoriam
1439 1337 1644 1379 dominice
1668 1335 1860 1391 passionis

332 1414 515 1467 perpesse
531 1410 639 1441 sunt.
662 1399 799 1440 Etiam
810 1399 1007 1453 scriptum
1018 1410 1077 1440 est
1098 1399 1270 1453 [Eccles.
1284 1398 1421 1449 xxxiv,
1437 1400 1512 1454 25]
1527 1397 1651 1440 Panis
1670 1396 1860 1452 egentium

334 1459 419 1500 uita
430 1459 620 1527 pauperis
637 1469 675 1500 et
690 1476 753 1516 qut
749 1458 1074 1515 'defraudauerit
1087 1459 1197 1500 illum
1215 1459 1280 1501 uir
1295 1458 1524 1514 sanguinum
1542 1468 1598 1501 est
1645 1457 1797 1500 Vnde
1786 1468 1860 1499 1ste

333 1535 413 1575 que
433 1520 576 1574 seipsas
596 1519 889 1561 defraudabant
909 1535 1012 1574 pane
1033 1519 1220 1561 homines
1239 1520 1487 1575 sanguinum
1507 1519 1743 1568 existebant,
1765 1517 1860 1574 quia

333 1580 603 1622 abstinentia
592 1596 635 1621 1n
653 1580 929 1622 habundantia
947 1592 1005 1622 est
1022 1580 1266 1622 martirium.

400 1673 446 1718 A
470 1672 673 1735 missing
696 1672 821 1718 leaf
812 1690 849 1718 1s
874 1672 1097 1718 followed
1122 1672 1175 1735 (f.
1209 1673 1322 1735 196)
1349 1673 1412 1735 by
1434 1689 1493 1718 an
1519 1671 1785 1735 exposition
1811 1670 1868 1717 of

332 1738 413 1784 the
437 1749 585 1801 gates.
636 1738 744 1784 The
769 1739 870 1784 first
895 1755 1094 1802 passage
1117 1738 1201 1784 of
1191 1749 1387 1785 lnterest
1411 1738 1556 1784 here
1547 1755 1584 1784 is
1609 1755 1671 1784 on
1698 1755 1742 1784 v.
1771 1751 1860 1784 21:

397 1834 473 1874 Per
506 1849 655 1875 aurum
690 1834 894 1875 mundum
929 1833 1037 1889 quod
1074 1845 1133 1875 est
1167 1845 1377 1890 tamquam
1413 1833 1569 1876 uitrum
1603 1833 1860 1888 prelucidum

334 1893 566 1949 designatur
585 1895 792 1936 mundicia
811 1906 851 1936 et
869 1895 1020 1949 puritas
1039 1894 1169 1936 cordis
1188 1911 1332 1936 eorum
1351 1910 1431 1950 que
1448 1894 1594 1936 sanctis
1613 1894 1800 1949 operibus
1818 1905 1860 1935 et

334 1954 464 1996 nimio
480 1955 675 1996 desiderio
690 1956 791 1996 alter
805 1955 920 1996 alteri
936 1955 1070 1996 studio
1085 1955 1311 1996 dilectionis
1327 1955 1569 1997 manifestat.
1607 1955 1658 1997 In
1678 1954 1859 1996 Historia

334 2015 460 2057 sancti
487 2015 699 2057 Dominici
722 2016 870 2057 dicitur
891 2015 1000 2071 quod
1022 2031 1171 2057 aurum
1191 2016 1413 2057 sanctitatis
1434 2032 1516 2071 quo
1539 2016 1648 2057 intus
1670 2015 1860 2056 rutilabat

333 2075 509 2117 ostendit
532 2076 662 2118 foris.l
703 2077 875 2118 Possunt
895 2077 1018 2117 etiam
1040 2076 1134 2117 mali
1155 2076 1196 2117 in
1220 2077 1407 2130 operibus
1429 2076 1605 2118 aliorum
1628 2075 1860 2131 nequiciam

333 2151 449 2177 suam
466 2137 580 2178 uelut
598 2137 639 2177 in
656 2137 819 2191 speculo
837 2137 1104 2178 mundissimo
1121 2137 1384 2179 considerare.
1420 2137 1543 2180 Vnde
1560 2136 1657 2178 dicit
1678 2136 1859 2178 Historia

334 2196 549 2251 Tempore
579 2197 702 2238 etiam
734 2197 896 2239 modico
925 2198 1026 2239 adeo
1050 2197 1306 2252 multiplicati
1337 2209 1432 2239 sunt
1471 2199 1631 2239 Fratres
1668 2197 1858 2238 Minores

335 2257 444 2312 quod
475 2273 558 2299 non
589 2269 648 2299 est
676 2258 810 2314 aliqua
840 2258 1051 2312 prouincia
1083 2258 1414 2300 Christianorum
1445 2257 1486 2299 in
1516 2274 1595 2313 qua
1624 2257 1779 2313 aliquos
1809 2257 1859 2298 de

335 2317 524 2359 fratribus
555 2334 640 2360 non
665 2319 853 2368 habeant,
877 2319 946 2374 qui
973 2319 1014 2359 in
1038 2319 1172 2373 seipsis
1197 2320 1312 2361 uelut
1337 2319 1378 2360 in
1402 2319 1565 2373 speculo
1590 2317 1857 2359 mundissimo

336 2378 543 2419 mundane
572 2379 760 2420 uanitatis
788 2390 1073 2433 contemptum
1101 2380 1228 2421 oculis
1257 2379 1535 2433 insipientium
1564 2389 1854 2433 representant.

335 2439 452 2493 Quid
493 2439 688 2481 faciemus
727 2439 892 2481 canibus
931 2440 1000 2495 qui
1040 2440 1230 2481 aduersus
1270 2440 1387 2481 istam
1426 2451 1606 2481 sanctam
1646 2439 1857 2480 ciuitatem

334 2500 484 2541 letrant
506 2499 762 2542 detrahentes
786 2512 826 2542 et
849 2500 1068 2542 lacerantes
1092 2501 1245 2542 famam
1269 2501 1354 2542 eius
1376 2512 1539 2555 propter
1562 2500 1667 2540 mala
1690 2515 1770 2555 que
1794 2499 1857 2541 ui-

335 2560 433 2601 dent
448 2560 490 2601 in
506 2560 683 2615 reprobis
698 2561 766 2616 qui
783 2561 928 2602 sanctis
944 2561 1025 2602 istis
1042 2561 1083 2602 in
1099 2573 1317 2616 conspectu
1334 2560 1553 2602 hominum
1567 2560 1856 2610 admiscentur,

388 2653 404 2677 1
435 2653 497 2702 Cf.
517 2653 686 2704 Jordans
699 2653 787 2692 Vita
802 2655 837 2692 S.
855 2654 1045 2692 Dominici
1065 2655 1393 2706 (QuetifEchard,
1412 2654 1544 2705 Script.
1566 2656 1660 2692 Ord.
1686 2655 1805 2692 Praed.
1827 2655 1857 2700 I,

339 2709 378 2759 3)
393 2722 402 2746 t
435 2708 566 2746 inter
584 2723 675 2759 quos
694 2709 795 2760 quasi
813 2710 913 2747 stella
926 2710 964 2747 in
983 2711 1106 2748 medio
1125 2711 1270 2748 nebulae
1288 2724 1353 2761 per
1364 2710 1449 2748 vitae
1467 2710 1718 2748 innocentiam
1733 2710 1858 2747 rutila-

336 2763 437 2802 bat.
466 2765 529 2814 (A.
546 2765 600 2802 G.
617 2765 677 2814 L.)
