1955 3303
0 147 2 156 ’
50 150 390 210 Interpretation
415 148 464 209 of
479 150 550 194 the
572 148 842 209 Apocalypse
993 140 996 142 Δ
1516 163 1576 210 33

48 248 106 294 of
128 249 173 295 S.
201 247 395 294 Francis
418 265 429 295 z
466 251 496 274 “
514 247 827 311 Quicumque
860 247 1062 293 fratrum
1094 247 1242 293 uerba
1264 265 1368 294 mea
1391 265 1580 295 seruare

47 313 302 372 noluerint,
327 330 422 360 non
451 324 591 360 teneo
620 331 700 361 eos
728 314 894 360 fratres
923 330 1056 359 meos
1085 313 1238 359 donec
1268 313 1580 376 penitentiam

46 379 281 443 egerint.”

116 447 197 493 On
221 446 295 493 ch.
319 445 428 503 xxii,
452 462 587 492 verse
616 461 655 504 Ι,
680 446 739 491 he
767 444 906 508 again
937 445 1020 490 has
1042 462 1067 491 a
1090 444 1332 490 reference
1356 445 1506 507 (ibid.)
1529 455 1578 491 to

47 511 127 557 the
153 511 430 558 mendicant
455 512 619 558 orders
643 529 653 558 :

108 598 175 640 De
191 610 331 641 sancto
350 599 569 641 Francisco
587 599 684 640 dicit
701 598 867 640 historia
886 599 997 640 Fons
1015 598 1235 640 illuminati
1252 598 1402 640 amoris
1420 598 1578 653 replens

43 659 183 701 omnia
203 659 356 701 uiscera
375 660 461 702 eius
479 660 698 702 ebulliebat
716 659 855 709 foras,l
875 670 915 700 et
934 659 976 699 in
996 659 1220 701 nouissimo
1239 671 1425 714 tempore
1443 674 1577 700 nouus

43 720 288 776 evangelista
306 721 418 776 quasi
438 736 544 762 unus
562 720 611 761 de
628 719 809 777 paradysi
833 719 1071 761 fluminibus
1090 720 1132 760 in
1151 731 1240 762 toto
1259 731 1461 761 terrarum
1478 719 1578 761 orbe
1623 763 1628 767 .

45 781 200 822 fluenta
224 781 427 836 euangelii
452 781 517 836 pia
542 780 778 836 irrigatione
802 780 1002 822 diffudit.2
1027 781 1082 822 Et
1106 780 1157 822 de
1179 792 1320 823 sancto
1349 779 1577 822 Dominico

41 840 191 883 dicitur
214 842 374 884 Effudit
397 842 545 897 largius
569 842 660 883 fons
682 841 878 895 sapientie
899 856 1020 895 super
1043 841 1303 882 latitudinem
1326 840 1452 883 sordis
1475 840 1576 891 eius,

40 902 150 957 quod
171 902 253 957 ipse
272 914 410 958 postea
439 902 526 944 aliis
546 901 692 943 effudit
712 901 915 944 habunde.
954 902 1069 943 Nam
1089 901 1199 958 quod
1220 903 1402 943 humane
1426 901 1577 956 pericie

39 962 190 1013 deerat,
209 964 289 1005 hoc
307 963 349 1005 in
366 979 416 1006 eo
433 963 573 1004 diuine
601 962 736 1018 gracie
753 962 1000 1004 illuminatio
1018 962 1303 1005 habundanter
1319 962 1542 1017 supplebat.

111 1056 192 1102 On
218 1072 352 1102 verse
379 1069 404 1101 2
433 1054 487 1118 (f.
513 1055 685 1117 199b):

98 1142 164 1184 Ex
182 1158 263 1184 una
281 1154 394 1197 parte
412 1141 582 1183 existere
595 1141 883 1197 intelliguntur
898 1140 1107 1183 studentes
1122 1142 1318 1183 Fratrum
1333 1140 1574 1191 Minorum,

37 1217 88 1244 ex
109 1203 235 1245 altera
258 1202 465 1245 studentes
492 1202 815 1252 predicatorum,
839 1202 909 1258 qui
935 1201 978 1243 in
1002 1202 1092 1257 lege
1120 1201 1294 1243 Domini
1320 1201 1574 1243 meditantur

34 1262 100 1305 die
131 1278 180 1306 ac
212 1275 344 1306 nocte.
399 1264 515 1305 Inter
547 1278 648 1319 quos
682 1262 764 1304 iam
797 1262 904 1304 dicta
937 1262 1123 1305 doctrina
1159 1262 1252 1304 fluit
1285 1262 1488 1304 instruens
1522 1277 1576 1303 ne

35 1323 242 1366 declinent
279 1324 330 1365 ad
370 1323 580 1366 dexteram
621 1324 688 1365 uel
728 1323 945 1366 sinistram.
1007 1324 1079 1366 Isti
1121 1323 1241 1379 lignis
1281 1334 1574 1378 comparantur

32 1385 260 1426 secundum
284 1384 383 1426 illud
409 1385 492 1441 [Ps.
519 1384 546 1435 i,
573 1397 615 1435 2,
649 1386 694 1440 3]
730 1384 812 1440 Qui
841 1384 882 1425 in
912 1385 994 1440 lege
1016 1383 1179 1425 Domini
1208 1383 1455 1426 meditantur
1477 1383 1572 1439 [sic]

31 1444 94 1487 die
118 1461 163 1487 ac
185 1455 291 1488 nocte
315 1445 393 1488 erit
416 1455 617 1503 tamquam
640 1445 788 1501 lignum
812 1446 917 1502 quod
931 1445 1161 1502 plantatum
1186 1454 1243 1488 est
1266 1461 1369 1487 secus
1392 1446 1574 1487 decursus

31 1522 225 1563 aquarum
249 1508 354 1564 quod
362 1507 543 1564 fructum
568 1523 678 1548 suum
703 1506 815 1548 dabit
848 1506 889 1547 in
926 1515 1097 1562 tempore
1121 1522 1187 1548 suo
1212 1515 1251 1548 et
1264 1505 1370 1562 folia
1395 1504 1476 1547 eius
1496 1520 1571 1546 non

31 1567 212 1623 defluent,
239 1577 278 1609 et
302 1567 430 1609 omnia
455 1583 683 1624 quecumque
703 1567 832 1624 faciet
855 1569 1210 1623 prosperabuntur.
1262 1566 1376 1608 Hinc
1406 1581 1571 1608 rursum

30 1627 180 1670 dicitur
199 1627 249 1670 de
268 1628 345 1670 hiis
363 1628 433 1684 qui
453 1628 740 1683 aprehendunt
758 1628 999 1682 sapientiam
1027 1628 1168 1684 [Prov.
1198 1627 1255 1678 iii,
1287 1627 1359 1683 18]
1400 1626 1570 1682 Lignum

31 1688 110 1730 uite
133 1698 190 1731 est
211 1689 286 1732 hiis
307 1689 374 1746 qui
395 1689 703 1746 aprehenderint
725 1705 822 1731 eam.
868 1689 940 1731 Isti
963 1689 1145 1731 afferunt
1167 1688 1326 1730 fructus
1348 1687 1568 1730 duodecim

31 1749 236 1792 bonorum
255 1766 427 1805 operum
446 1749 665 1792 duodecim
684 1750 904 1800 mensibus,
924 1749 963 1791 id
983 1761 1042 1792 est
1059 1765 1132 1805 per
1148 1749 1329 1805 singulos
1348 1748 1567 1790 duodecim

31 1826 188 1852 menses
208 1811 306 1852 anni
329 1811 517 1866 exemplo
538 1810 757 1853 duodecim
777 1811 1070 1865 apostolorum.
1111 1810 1235 1853 Vnde
1256 1810 1306 1852 de
1326 1809 1566 1865 supradictis

29 1871 166 1913 electis
196 1871 295 1913 dicit
324 1887 425 1926 papa
458 1872 686 1927 Gregorius
719 1872 881 1913 Fratres
915 1872 1107 1914 Minores
1138 1887 1254 1913 more
1283 1871 1565 1926 apostolorum

25 1932 197 1974 serendo
231 1932 387 1974 semina
426 1932 539 1974 uerbi
583 1932 664 1974 Dei
700 1932 877 1975 diuersas
916 1932 1133 1974 circueunt
1168 1932 1387 1988 regiones.3
1429 1932 1484 1973 Et
1514 1931 1566 1973 de

25 2004 167 2035 sancto
200 1993 427 2035 Dominico
464 1993 614 2035 dicitur
651 1992 746 2049 quia
783 1993 942 2035 bonum
974 1993 1158 2035 fructum
1187 1993 1327 2035 attulit
1360 1991 1564 2044 Domino,

25 2053 135 2110 quod
154 2054 434 2109 apostolorum
453 2069 537 2096 non
555 2053 607 2095 sit
625 2053 834 2095 fraudatus
852 2053 992 2109 gloria.

0 2193 1 2204 ,
95 2152 256 2200 These
282 2152 558 2226 quotations
584 2152 678 2199 will
706 2153 870 2199 suffice
896 2163 945 2200 to
972 2152 1081 2216 give
1106 2170 1165 2199 an
1193 2153 1299 2199 idea
1332 2152 1389 2199 of
1414 2152 1561 2199 Alex-

0 2213 1 2221 *
24 2219 188 2265 ander'
192 2237 213 2266 s
239 2219 439 2266 method
464 2218 521 2265 of
544 2219 923 2292 interpretation,
951 2236 1004 2266 so
1030 2218 1100 2266 far
1124 2237 1174 2266 as
1203 2218 1239 2266 it
1264 2218 1446 2283 applies
1478 2219 1558 2265 the

23 2285 320 2349 apocalyptic
356 2284 638 2349 prophecies
671 2296 720 2332 to
755 2286 836 2332 the
865 2285 1048 2349 history
1080 2285 1137 2332 of
1163 2285 1236 2332 his
1262 2303 1370 2332 own
1398 2285 1554 2333 order.

26 2352 80 2397 In
121 2352 202 2398 the
241 2351 498 2415 foregoing
522 2368 683 2435 pages
722 2369 866 2414 many
904 2351 1170 2399 refer'ences
1209 2369 1287 2398 are
1327 2352 1467 2398 made
1507 2362 1556 2398 to

23 2417 284 2464 “historia.
292 2418 320 2436 ’'
389 2417 532 2464 The‘
541 2417 788 2464 ‘Historia
812 2418 971 2464 Sancti
997 2417 1296 2464 Dominici''
1323 2417 1480 2464 which
1516 2417 1554 2464 is

20 2500 140 2529 once
174 2484 355 2548 quoted
390 2484 428 2530 is
463 2502 489 2530 a
523 2495 737 2547 separate
771 2484 1226 2548 work—probably,
1266 2485 1369 2532 Mr.
1408 2483 1554 2530 Little

20 2549 126 2597 tells
149 2567 241 2609 me,
266 2551 347 2598 the
374 2551 479 2613 Life
502 2551 552 2613 of
575 2552 623 2597 S.
648 2550 869 2609 Domum,
895 2550 958 2614 by
981 2550 1054 2597 his
1082 2567 1342 2610 successor,
1366 2550 1547 2611 Jordan

289 2658 590 2709 1ICel.§115‚
606 2673 643 2710 p.
664 2672 731 2696 121
753 2659 816 2709 (A.
833 2659 887 2697 G.
904 2659 980 2709 L.).

288 2714 304 2738 2
332 2714 480 2761 Ibid.‚§
498 2717 558 2766 89,
575 2729 612 2765 p.
628 2727 692 2766 92.

288 2769 304 2793 3
332 2770 434 2815 Bull,
455 2772 584 2808 Franc.
605 2771 635 2816 Ι,
657 2784 721 2820 pp.
747 2772 925 2817 127-128
948 2770 1015 2820 (12
1036 2770 1144 2821 June,
1170 2770 1302 2820 1234).

1364 2839 1386 2863 c
