1955 3303
44 152 387 211 Interpretation
413 149 461 210 os
477 151 547 194 tlze
570 149 838 210 Apocalypse
1512 164 1574 210 29

46 258 247 290 uocantur
267 247 361 303 quia
380 246 430 288 ad
454 246 655 288 uisionem
672 246 779 301 pacis
797 257 938 287 eterne
959 245 1040 286 iam
1062 245 1248 288 tendunt.
1288 247 1460 288 Nouam
1481 247 1579 288 dicit

44 308 138 365 quia
164 319 357 349 exuentes
384 318 567 348 ueterem
594 307 808 349 hominem
846 306 1025 347 induunt
1053 321 1228 356 nouum,
1255 306 1324 361 qui
1351 308 1578 348 secundum

47 368 190 410 Deum
209 379 367 409 creatus
387 379 456 410 est.
496 368 621 410 Vnde
640 367 827 409 habitum
847 366 1068 421 spiritalem
1087 367 1343 408 sumentibus
1363 367 1512 408 dicitur
1533 379 1579 408 ut

44 440 197 470 exuant
230 439 420 470 ueterum
456 428 543 484 [sic]
579 428 793 470 hominem
827 443 988 469 nouum
1021 438 1282 469 assumentes.
1338 427 1405 468 De
1438 439 1579 469 sancto

48 488 275 531 Dominico
287 489 385 530 dicit
406 489 599 546 Hystoria
619 488 728 545 quod
750 488 833 542 ipse
854 499 1065 544 tamquam
1087 487 1230 529 ciuitas
1250 503 1370 542 supra
1392 499 1580 529 montem

42 549 171 604 posita
205 549 442 591 delectabile
476 549 633 592 cunctis
666 548 888 591 sanctitatis
921 549 1200 603 spectaculum
1235 548 1456 591 exhiberet.
1513 549 1580 589 De

43 621 184 652 sancto
201 626 366 666 quoque
384 611 418 652 F
423 610 616 652 rancisco.
652 643 661 652 .
697 643 706 652 .
742 643 750 652 .

43 703 203 767 Again
231 722 257 751 a
279 704 565 767 regrettable
592 703 764 750 hiatus.
824 703 918 749 We
946 719 1135 748 resume
1162 713 1209 749 at
1229 702 1263 749 f.
1295 718 1351 763 19
1361 717 1405 763 3,
1427 720 1472 749 v.
1503 718 1578 762 19,

43 770 101 817 of
117 771 198 817 the
223 771 442 834 precious
466 781 626 817 stones
650 769 708 815 of
724 769 805 815 the
828 768 1156 815 foundations.
1220 769 1239 815 I
1266 769 1360 815 will
1385 779 1532 832 quote
1556 785 1581 814 a

45 835 137 883 few
159 847 407 883 sentences
430 836 543 899 only
566 854 575 882 :

106 942 420 983 Fundamentum
461 940 566 983 muri
605 939 777 982 ciuitatis
819 955 866 981 ex
907 939 1009 980 omni
1048 938 1181 995 lapide
1217 939 1387 995 precioso
1429 948 1578 981 ornate.

50 1002 339 1044 Fundamenta
373 1002 485 1044 istius
519 1001 695 1042 ciuitatis
730 1011 847 1042 erant
897 1000 1037 1041 beatus
1072 1001 1106 1042 F
1110 1000 1314 1041 ranciscus
1348 1011 1388 1041 et
1420 1011 1583 1041 sanctus

51 1063 298 1105 Dominicus
327 1074 367 1104 et
395 1062 517 1104 ceteri
547 1077 644 1103 cum
673 1061 728 1103 eis
756 1076 876 1116 super
904 1076 1083 1116 quorum
1112 1061 1297 1102 doctrina
1326 1072 1367 1102 et
1395 1061 1583 1115 exemplo

48 1135 207 1166 constat
226 1139 368 1165 murus
389 1122 576 1164 ciuitatis.
615 1122 716 1177 Que
749 1122 1017 1163 fundamenta
1038 1121 1152 1163 omni
1175 1121 1305 1176 lapide
1325 1121 1522 1176 precioso,
1545 1120 1584 1162 id

48 1196 107 1226 est
137 1185 327 1226 omnibus
359 1184 579 1225 uirtutibus
609 1183 742 1225 ornati
774 1194 901 1225 erant.
955 1182 1022 1223 De
1052 1194 1193 1224 sancto
1228 1182 1455 1224 Dominico
1486 1182 1585 1223 dicit

52 1245 246 1303 Hystoria
282 1244 391 1300 quod
424 1244 549 1286 fuerit
585 1255 796 1300 tamquam
828 1259 898 1285 uas
934 1243 1125 1285 omnibus
1162 1243 1350 1298 preciosis
1387 1242 1585 1297 lapidibus

48 1317 226 1348 ornatus.
264 1305 456 1360 Amplius
474 1305 633 1346 dicetur
650 1305 747 1361 quid
769 1304 951 1346 Historia
969 1304 1019 1345 de
1035 1315 1176 1346 sancto
1196 1304 1415 1346 Francisco
1434 1315 1581 1345 narret.

139 1400 149 1409 .
187 1367 265 1408 Per
297 1366 506 1421 iaspidem,
544 1366 614 1421 qui
650 1365 788 1407 uiridis
821 1376 894 1415 est,
931 1364 1166 1420 designatur
1201 1365 1389 1407 Christus
1423 1364 1492 1420 qui
1527 1376 1586 1406 est

49 1427 188 1469 uiridis
207 1427 302 1483 quia
322 1427 364 1468 in
384 1427 600 1482 euangelio
618 1442 660 1468 se
680 1426 777 1468 dicit
796 1426 957 1481 lignum
979 1426 1120 1468 uiride.
1160 1426 1288 1480 Super
1307 1425 1416 1481 quod
1437 1425 1586 1466 funda-

49 1499 240 1530 mentum
259 1488 469 1530 edificauit
481 1499 642 1529 sanctus
663 1487 916 1529 Franciscus.
955 1486 1079 1530 Vnde
1092 1486 1241 1528 dicitur
1255 1487 1296 1527 in
1320 1486 1502 1528 Historia
1523 1485 1586 1526 in-

48 1560 110 1590 ter
129 1559 263 1590 cetera
286 1565 295 1591 :
337 1548 645 1604 Prerogatiuam
665 1548 761 1589 licet
781 1548 972 1603 ignorans
991 1563 1151 1602 semper
1170 1563 1379 1589 reseruans
1402 1546 1585 1596 Christo,

48 1609 367 1651 fundamentum
386 1609 500 1651 enim
518 1609 628 1651 aliud
649 1625 774 1651 nemo
793 1620 925 1663 potest
944 1624 1108 1663 ponere.
1145 1642 1154 1651 .
1189 1642 1199 1650 .
1235 1642 1244 1650 .
1284 1609 1375 1650 Hec
1389 1608 1584 1649 dicuntur

49 1670 119 1713 illo
138 1670 180 1711 in
199 1671 291 1712 loco
310 1670 379 1712 ubi
398 1670 562 1726 aliquod
582 1670 794 1711 edificium
811 1681 908 1711 ante
926 1669 1169 1711 inchoatum
1188 1669 1449 1711 consumauit
1480 1702 1490 1711 .
1527 1703 1536 1710 .

52 1731 267 1773 Secundum
292 1731 488 1787 Saphirus
509 1731 579 1787 qui
598 1731 696 1785 lapis
719 1742 778 1772 est
800 1730 941 1772 similis
964 1731 1052 1772 celo
1075 1742 1117 1772 et
1139 1730 1208 1786 qui
1233 1745 1443 1784 percussus
1467 1729 1585 1770 radiis

49 1792 142 1834 solis
174 1792 386 1833 ardentem
415 1792 567 1833 emittit
601 1792 817 1847 fulgorem.
863 1792 940 1833 Per
962 1807 1087 1848 quem
1120 1791 1319 1845 accipitur
1340 1790 1461 1832 ardor
1484 1790 1587 1831 cari-

51 1853 154 1895 tatis.
211 1853 335 1895 Vnde
365 1853 502 1894 statim
529 1852 711 1894 Historia
742 1852 954 1908 subiungit
983 1853 1033 1894 de
1061 1852 1290 1907 uirginibus
1327 1852 1421 1893 Deo
1447 1850 1588 1892 dicatis

50 1924 91 1955 et
121 1913 389 1955 deuotissimis
429 1913 585 1955 ancillis
618 1913 787 1963 Christi,
828 1913 938 1981 quod
981 1913 1109 1955 eterni
1141 1913 1274 1980 sponsi
1306 1927 1423 1954 amor
1455 1912 1497 1953 in
1527 1911 1585 1953 eis

49 1988 242 2016 accensus
254 1974 317 2024 sit,
331 1974 400 2030 qui
417 1985 476 2015 est
487 1974 570 2016 sol
560 1974 728 2016 lusticie.
756 1974 839 2017 Vbi
853 1974 977 2015 etiam
990 1973 1377 2028 preciosissimarum
1390 1972 1587 2028 margari-

51 2045 187 2076 tarum
209 2035 355 2077 nobilis
377 2046 565 2076 narratur
585 2046 789 2076 structura
810 2035 1040 2085 surrexisse,
1059 2034 1208 2076 dicitur
1229 2034 1279 2075 de
1301 2034 1468 2075 caritate
1488 2044 1585 2074 ante

50 2095 190 2138 omnia
206 2095 248 2136 in
265 2096 320 2137 eis
336 2095 448 2151 uiget
464 2096 594 2137 uirtus
611 2107 757 2137 mutue
772 2107 813 2137 et
830 2095 1027 2137 continue
1042 2095 1230 2137 caritatis.
1266 2128 1275 2137 .
1311 2128 1321 2137 .
1357 2128 1367 2137 .
1406 2094 1588 2136 Tercium

50 2156 285 2199 calcedonius
313 2157 382 2212 qui
413 2156 511 2211 lapis
540 2157 677 2198 colore
705 2156 871 2210 pallenti
913 2156 1100 2212 refulget.
1150 2156 1228 2197 Per
1255 2171 1380 2212 quam
1421 2166 1589 2197 notatur

51 2217 259 2259 humilitas
295 2233 375 2273 que
410 2217 452 2258 in
488 2217 610 2259 corde
645 2218 768 2267 lucet,
803 2217 871 2259 sed
908 2217 1005 2258 foris
1040 2217 1272 2271 despicitur.
1327 2216 1451 2259 Vnde
1488 2215 1587 2257 dicit

55 2278 236 2320 Historia
258 2278 445 2321 Secundo
467 2278 607 2319 rutilat
628 2278 869 2319 humilitatis
890 2292 1065 2333 gemma.
1106 2277 1291 2320 Secunda
1312 2288 1515 2333 quantum
1536 2275 1586 2318 ad

53 2339 240 2381 homines
261 2339 329 2381 sed
353 2339 477 2381 tercia
499 2350 702 2395 quantum
724 2339 774 2380 ad
797 2339 979 2393 primurn
1002 2338 1322 2380 fundamentum
1351 2337 1588 2380 Dominum

53 2411 240 2442 nostrum
265 2401 403 2442 Iesum
427 2400 655 2442 Christum.
685 2434 694 2442 .
730 2434 739 2442 .
777 2400 977 2455 Quartum
997 2401 1238 2455 smaragdus.
1287 2399 1431 2442 Omne
1454 2398 1590 2440 uirens

52 2473 213 2515 superat
239 2476 310 2502 sua
342 2461 548 2502 uiriditate
585 2460 828 2515 smaragdus.
876 2461 999 2515 Lapis
1026 2460 1149 2502 etiam
1183 2461 1255 2502 iste
1283 2460 1392 2502 fatur
1419 2459 1589 2501 lasciuos

53 2536 310 2576 compescere
348 2533 484 2563 motus
527 2522 793 2577 [Marbodus
827 2521 894 2563 De
924 2521 1111 2577 gemmis,
1140 2521 1306 2576 Migne,
1336 2521 1455 2563 Patr.
1493 2521 1586 2562 Lat.

55 2582 175 2632 clxxi,
192 2583 284 2625 coll.
309 2597 324 2624 1
336 2595 436 2639 744,
460 2597 474 2624 1
486 2595 541 2639 74
546 2584 605 2638 5].
641 2582 765 2625 Vnde
784 2582 965 2624 Historia
982 2582 1151 2624 terciam
1168 2597 1376 2637 gemmam
1393 2581 1491 2623 dicit
1507 2596 1589 2622 esse

55 2643 335 2698 uirginitatem
368 2678 377 2686 .
413 2678 422 2686 .
458 2677 467 2686 .
505 2644 696 2699 Quintum
716 2643 912 2686 sardonix.
953 2643 1042 2698 Qui
1064 2643 1163 2698 lapis
1187 2654 1246 2684 est
1269 2643 1451 2693 tricolor,
1473 2642 1589 2697 niger

56 2703 98 2745 in
118 2704 216 2754 imo,
237 2704 278 2744 in
299 2704 434 2746 medio
453 2704 647 2746 candidus
666 2715 707 2745 et
726 2704 873 2746 rubeus
893 2704 935 2745 in
954 2720 1157 2759 supremo.
1198 2704 1379 2745 Historia
1398 2714 1588 2759 quartam

54 2779 263 2821 gemmam
284 2765 382 2807 dicit
402 2781 485 2807 esse
506 2776 800 2820 paupertatem,
823 2781 903 2821 que
924 2777 1062 2807 tamen
1085 2776 1144 2807 est
1158 2765 1301 2821 quinta
1316 2775 1518 2821 quantum
1539 2763 1588 2805 ad
