1955 3303
68 157 409 217 Interpretation
434 157 483 219 of
498 159 569 204 tlze
591 158 861 220 Apocalypse
1537 172 1597 219 27

71 250 354 292 Dunemunde
376 251 419 292 in
444 252 620 294 Livonia
642 267 896 309 paganorum
919 251 1218 306 interruptione
1239 251 1372 293 subita
1395 266 1492 294 curn
1514 264 1600 295 tota

67 310 153 352 fere
167 326 239 352 sua
254 311 408 353 familia
424 313 693 356 trucidantur.
727 312 844 368 Quid
861 312 1036 353 referam
1052 311 1161 368 quod
1176 312 1361 367 sequenti
1378 328 1477 354 mox
1490 329 1601 355 anno

71 371 244 413 Parisius
263 372 370 414 inter
389 373 546 415 clerum
565 386 606 416 et
624 374 824 429 populum
843 373 1022 414 maxima
1040 372 1252 414 contentio
1267 372 1412 423 oritur,
1433 384 1474 414 et
1492 374 1601 429 quod

67 432 187 473 multi
214 444 314 474 tunc
339 433 490 475 ibidem
516 435 704 477 trucidati
730 445 826 476 sunt
851 433 1002 483 clerici,
1028 433 1083 474 ita
1109 444 1156 474 ut
1179 433 1398 474 studium'
1388 448 1430 474 1n
1458 434 1601 475 Ande-

66 492 230 548 gauiam
257 495 556 538 transferretur.
601 495 741 537 Rediit
766 506 917 537 tamen.
965 495 1060 535 Hoc
1085 509 1250 549 quoque
1275 493 1466 544 subticui,
1493 494 1602 562 quod

67 553 174 595 circa
204 554 453 609 principium
476 556 669 611 temporis
692 555 865 610 suspecti
880 558 896 582 1
923 554 1139 597 Conradus
1172 554 1477 609 Herbipolensis
1500 555 1602 609 epis-

66 628 191 668 copus
230 614 272 656 in
312 616 479 658 ecclesie
517 617 812 659 contumeliam
851 627 910 657 est
948 615 1115 657 occisus.
1173 615 1249 657 Sed
1289 616 1396 656 hanc
1435 615 1602 656 ecclesie

65 673 310 717 diuisionem
342 688 475 719 tacere
506 694 590 719 non
623 678 753 727 ualeo,
785 676 894 733 quod
926 676 1033 717 circa
1065 675 1174 717 idem
1205 687 1380 730 tempus,
1413 676 1604 718 uidelicet

65 750 176 777 anno
206 736 380 778 Domini
409 738 626 780 millesimo
653 737 935 780 ducentesimo
963 736 1169 778 tricesimo
1195 736 1369 791 septimo
1396 736 1602 778 orientalis

66 796 233 838 ecclesia
264 797 306 839 in
339 810 502 841 tantum
533 799 719 853 desipuit,
751 798 860 854 quod
891 814 915 839 a
945 797 1038 839 sede
1067 797 1287 852 apostolica
1318 813 1359 839 se
1389 797 1600 839 subtraxit.

68 856 160 898 Hiis
196 869 238 900 et
271 859 358 901 aliis
394 860 616 901 criminum
653 859 916 901 densitatibus
952 859 1060 913 cepit
1096 852 1166 900 illo
1202 869 1388 912 tempore
1424 858 1604 899 mundus

66 918 359 970 tenebrescere,
378 932 419 962 et
436 920 478 961 in
498 932 661 962 tantum
679 932 726 962 ut
744 936 868 962 nemo
887 920 1021 961 ualeat
1038 919 1246 973 perdicere
1264 919 1426 974 quantis
1443 930 1484 960 et
1502 930 1604 974 quot

67 979 270 1021 erroribus
294 981 472 1023 mundus
494 997 517 1022 a
542 981 675 1023 lucida
708 980 936 1022 deuiauerit
966 980 1150 1022 ueritate.
1193 979 1268 1022 Sed
1305 979 1434 1029 Deus,
1472 980 1603 1021 scien-

67 1038 219 1081 tiarum
241 1041 445 1092 dominus,
467 1042 536 1098 qui
559 1042 699 1084 omnia
724 1042 843 1084 nouit
869 1052 1091 1096 antequam
1123 1040 1238 1090 fiant,
1269 1051 1316 1082 ut
1343 1041 1414 1082 has
1444 1040 1605 1095 fugaret

66 1101 251 1143 tenebras
282 1103 389 1157 cepit
418 1103 460 1144 in
492 1103 650 1145 mundo
681 1102 763 1145 duo
794 1102 1012 1144 luminaria
1044 1116 1192 1156 magna
1224 1101 1500 1143 misericordie
1530 1116 1603 1143 sue

67 1161 255 1204 manibus
279 1163 514 1214 accendere,
539 1164 814 1206 Dominicum
835 1163 1024 1205 uidelicet
1045 1174 1087 1204 et
1114 1162 1396 1212 Franciscum,
1423 1173 1470 1203 ut
1496 1177 1602 1203 unus

66 1220 303 1265 innocentie
334 1224 436 1265 alter
468 1225 693 1280 penitentie
726 1225 912 1279 preberet
948 1223 1185 1278 exemplum
1226 1235 1266 1264 et
1297 1223 1421 1264 ambo
1457 1223 1604 1264 fierent

66 1282 257 1325 omnibus
278 1284 382 1326 bene
403 1285 584 1327 uiuendo
606 1285 690 1327 uite
711 1285 1003 1340 perfectissime
1024 1284 1339 1334 documentum,
1362 1295 1408 1325 ut
1428 1283 1485 1325 sic
1506 1299 1603 1325 uere

66 1342 168 1385 lucis
196 1359 263 1386 eos
293 1345 510 1388 irradiante
538 1347 667 1402 gratia
695 1347 745 1388 ab
775 1358 950 1402 utroque
980 1361 1126 1387 eorum
1156 1345 1290 1386 radius
1320 1344 1419 1386 noui
1449 1344 1602 1386 ordinis

66 1416 294 1460 exurgeret,
313 1406 382 1462 qui
399 1407 450 1448 ad
469 1407 743 1449 imitationem
761 1419 929 1462 paterne
946 1406 1114 1462 originis
1132 1417 1217 1447 tam
1235 1406 1342 1447 bone
1361 1405 1446 1447 uite
1464 1405 1604 1447 iubare

65 1479 190 1520 quam
218 1465 404 1509 doctrine
430 1468 614 1511 salutaris
640 1468 833 1510 acumine
860 1468 1061 1510 scelerum
1089 1466 1307 1522 caliginem
1334 1482 1358 1507 a
1386 1466 1483 1508 cetis
1514 1465 1602 1522 [sic]

65 1525 286 1568 hominum
321 1529 527 1571 mentibus
563 1530 794 1584 expelleret,
831 1540 872 1571 et
907 1528 949 1569 in
986 1528 1041 1570 eis
1076 1528 1219 1569 lumen
1254 1527 1364 1583 quod
1401 1527 1517 1568 uenit
1551 1527 1601 1568 ad

65 1587 362 1630 reuelationem
395 1590 583 1645 gentium
627 1606 699 1646 per
731 1601 887 1645 septem
920 1589 1027 1631 orbis
1061 1589 1225 1630 climata
1258 1588 1481 1630 suscitaret.
1536 1588 1604 1629 De

64 1646 211 1702 quibus
257 1650 444 1692 Ioachim
485 1652 605 1693 abbas
648 1651 764 1693 cuius
805 1650 989 1705 superius
1031 1649 1289 1692 mentionem
1332 1649 1505 1690 fecimus
1547 1649 1604 1690 sic

65 1708 293 1762 predixerat
323 1712 462 1766 [super
493 1712 677 1755 Hierem.
698 1712 737 1769 f.
776 1714 830 1768 1]
882 1712 1000 1753 Tales
1029 1712 1196 1752 doctores
1225 1720 1263 1751 et
1291 1709 1389 1752 tales
1412 1710 1603 1766 prophete

65 1768 246 1811 mittendi
275 1782 365 1813 sunt
394 1773 460 1830 qui
489 1789 562 1814 non
593 1774 712 1815 solum
743 1772 911 1815 subditos
941 1772 1153 1828 increpent,
1185 1773 1255 1813 sed
1281 1771 1399 1812 etiam
1425 1771 1601 1827 prelatos

66 1838 106 1870 et
133 1831 330 1898 pontifices
353 1834 565 1889 fulgurent
598 1844 637 1876 et
669 1850 742 1875 non
773 1834 950 1890 palpent.
1006 1832 1229 1874 Reuelandi
1264 1831 1404 1888 quippe
1439 1841 1529 1873 sunt
1562 1831 1602 1872 in

61 1891 240 1946 proximo
264 1895 431 1936 doctores
454 1904 492 1936 et
509 1895 775 1951 predicatores
787 1895 926 1951 fideles
950 1894 1015 1951 qui
1038 1904 1199 1935 terrena
1222 1895 1339 1934 corda
1364 1902 1401 1934 et
1423 1892 1603 1934 carnalia

68 1951 170 1992 omni
197 1953 322 2009 plaga
350 1956 591 2024 percutiant,
627 1965 665 1997 et
698 1956 811 1997 elatis
852 1971 896 1996 ac
930 1954 1088 1996 tumidis
1121 1953 1321 2009 magistris
1354 1953 1492 1996 studiis
1525 1953 1603 1995 suis

66 2011 261 2055 silentium
273 2026 436 2083 ponant.
474 2017 556 2058 Et
546 2029 696 2058 lterum
716 2017 768 2075 [f.
795 2018 879 2072 10].
916 2016 1059 2057 Potens
1077 2025 1133 2057 est
1150 2017 1242 2056 deus
1260 2014 1325 2071 qui
1341 2014 1550 2056 miseretur
1567 2023 1605 2055 et

66 2075 316 2116 commodat
301 2092 341 2116 in
374 2077 510 2118 iudicio
543 2079 664 2119 uerba
696 2094 767 2119 sua
800 2077 999 2133 disponere
1032 2085 1070 2117 et
1101 2076 1220 2117 celum
1252 2076 1395 2117 iterum
1428 2074 1601 2131 aperire,

67 2134 269 2178 daturus
253 2152 293 2177 in
308 2138 486 2193 proximo
505 2139 631 2180 stillas
646 2138 891 2194 plumarum,
911 2137 1049 2180 scilicet
1068 2136 1240 2178 ordinem
1253 2136 1545 2204 predicantium
1565 2145 1604 2177 et

67 2195 261 2237 doctorum
280 2198 514 2240 stillantium
533 2199 730 2241 stillicidia
749 2211 867 2255 super
886 2208 1051 2251 terram,
1071 2207 1109 2239 et
1125 2214 1208 2239 cum
1226 2197 1278 2239 eis
1297 2197 1444 2254 aliquos
1462 2196 1603 2238 imbres

60 2256 194 2310 gratie
213 2258 474 2314 multiformis.
511 2260 651 2302 Item
641 2276 723 2314 ipse
746 2261 802 2316 [f.
824 2261 933 2316 12b].
971 2259 1070 2300 Duo
1087 2270 1182 2300 sunt
1196 2258 1357 2300 ordines
1371 2257 1577 2299 affuturi
1562 2273 1602 2298 m

67 2331 178 2358 coruo
193 2328 231 2360 et
243 2320 428 2374 columba,
449 2321 540 2377 quia
563 2321 627 2362 ille
649 2331 749 2363 totus
769 2321 881 2376 niger
904 2330 941 2361 et
961 2320 1031 2361 illa
1051 2319 1180 2361 uaria.
1216 2319 1298 2360 Sed
1314 2335 1388 2360 uox
1408 2318 1604 2360 cantantis

66 2375 106 2417 in
118 2377 301 2434 fenestra
322 2391 360 2423 et
378 2398 513 2424 coruus
533 2382 573 2422 in
594 2381 900 2438 superluminari
922 2381 1027 2437 [sic].
1068 2381 1147 2422 Iste
1167 2396 1302 2422 coruus
1323 2389 1379 2421 est
1399 2381 1489 2421 ordo
1505 2391 1602 2435 pre-

69 2437 280 2482 dicantium
304 2442 369 2499 qui
401 2443 602 2485 emittetur
629 2455 707 2499 per
729 2442 982 2484 obedientiam
1007 2458 1053 2483 ex
1076 2441 1198 2483 archa
1224 2441 1325 2494 Noe,
1349 2441 1395 2481 id
1414 2449 1470 2482 est
1492 2440 1602 2482 curia

68 2501 206 2542 summi
232 2503 436 2559 pontificis,
469 2520 535 2545 nec
567 2504 685 2557 redit,
717 2503 808 2560 quia
841 2505 899 2545 ad
926 2503 991 2545 lzoc
1023 2502 1197 2544 mittitur
1229 2511 1274 2543 ut
1305 2501 1495 2543 diluuium
1528 2516 1602 2541 non

122 2614 137 2638 1
168 2615 231 2664 Cf.
259 2614 324 2653 fol.
357 2626 458 2664 114:
540 2616 601 2653 De
628 2615 699 2653 hoc
727 2624 895 2665 tempore
922 2613 1013 2652 dicit
1039 2614 1151 2651 abbas
1180 2613 1374 2651 Ioachim:
1406 2612 1467 2650 Ab
1504 2626 1604 2649 anno

69 2670 226 2708 Domini
260 2670 454 2708 millesimo
486 2671 688 2708 centesimo
720 2679 756 2708 et
782 2671 878 2708 ultra
909 2678 1075 2720 suspecta
1103 2678 1189 2706 sunt
1221 2667 1334 2706 michi
1367 2677 1535 2718 tempora
1567 2676 1604 2705 et

69 2724 299 2763 momenta.'
332 2726 495 2772 Conrad,
516 2726 648 2777 bishop
667 2726 712 2764 of
723 2726 955 2775 Wfirzburg
978 2739 1052 2763 was
1081 2724 1191 2762 killed
1222 2736 1321 2762 1202
1350 2724 1464 2775 (Anu.
1485 2723 1603 2768 Stad

69 2795 107 2833 P
126 2781 234 2832 354>-
